2825 3722
1296 52 1338 119 9.

0 123 6 197 Ι
270 218 378 268 Hac
412 218 845 280 animadversione
891 218 956 267 ad
991 210 1199 267 alteram
1253 219 1419 283 operis
1469 220 1629 268 nostri
1680 227 1876 285 partem
1928 220 2249 281 traducimur,
2302 240 2398 287 qua
2452 225 2575 288 quid

0 314 4 401 ‘s
46 302 533 352 Schleiermacherus
566 304 619 351 in
655 303 816 351 ethice
847 303 1165 367 praestiterit,
1203 303 1478 374 explanare
1513 303 1761 351 volumus.

270 404 557 479 Ethice'est
590 405 866 470 disciplina,
902 422 1029 470 quae
1065 422 1266 470 semper
1301 404 1366 453 ad
1400 405 1558 455 vitam
1582 405 1770 453 realem
1798 414 2025 470 spectare
2051 405 2212 467 debet
2266 408 2323 457 Id
2346 410 2573 476 plerique

46 488 261 556 quidem,
313 491 396 555 qui
446 490 579 539 'nanc
631 489 943 555 disciplinam
994 493 1289 550 tractarunt,
1341 506 1446 538 non
1500 488 1622 538 satis
1674 489 2177 551 intellexerunt,
2236 492 2324 541 sed
2375 502 2572 545 tantum

46 576 418 636 senserunt,
470 581 631 639 ‘eoque
685 575 807 623 moti
856 575 1039 623 usitato
1091 574 1291 622 dicendi
1341 571 1528 638 genere
1581 573 1717 636 quod
1771 589 2077 637 magnopere
2131 591 2243 623 cum
2296 578 2400 625 vita
2450 581 2574 627 reali

25 659 296 719 cohaeret,
343 661 414 707 ita
461 660 535 708 usi
584 668 714 719 sunt,
762 668 816 707 ut
851 676 911 707 eo
949 659 1001 707 in
1038 656 1324 722 systemate
1340 644 1452 722 ³suo3
1480 656 1795 721 disponendo
1833 656 2135 707 ducerentur
2171 668 2318 723 atque
2356 661 2483 710 adeo
2520 665 2573 712 in

46 745 242 809 singula
291 736 643 807 pertractanda
693 744 770 792 vis
822 742 1067 807 quaedam
1124 730 1460 812 eXercereturss
1530 739 1647 789 ‹Jam
1697 757 1820 789 vero
1866 758 2193 807 unaquaeque
2241 761 2362 793 sane
2402 746 2577 812 lingua

46 825 218 893 populi
269 827 448 877 eruditi
484 845 635 877 voces
670 826 734 876 ad
787 827 984 876 ethicen
1038 832 1324 891 spectantes
1373 823 1544 885 habet,
1593 840 1698 872 non
1752 824 1935 887 subito,
1988 825 2077 875 sed
2112 826 2339 894 diligenti
2375 846 2574 879 morum

47 909 399 961 observatione
436 919 522 959 aut
556 927 707 959 sensu
741 910 933 970 morali,
969 911 1053 974 qui
1081 908 1358 973 judicando
1396 908 1706 971 exprimitur,
1756 916 1906 969 ortas,
1929 894 2043 958 ‘sed
2080 912 2256 972 ethice,
2304 929 2430 976 quae
2465 921 2578 963 tota

48 995 99 1044 in
133 994 461 1045 fundamento
493 995 692 1060 linguae
728 994 1043 1055 conderetur,
1085 994 1377 1057 neutiquam
1413 993 1535 1041 satis
1570 1008 1749 1040 cavere
1785 1002 1971 1057 posset,
2012 1011 2076 1042 ne
2112 997 2388 1045 secundum
2426 1014 2574 1046 suum

47 1081 344 1144 principium
378 1079 653 1127 innumeris
688 1078 839 1126 rebus
873 1077 1093 1125 fortuitis
1129 1077 1431 1140 gravitatem
1467 1076 1753 1140 adjudicare
1791 1078 2000 1125 deberet
2032 1095 2130 1142 quo
2162 1082 2364 1129 minime
2388 1081 2575 1146 dignae

47 1172 177 1231 sunt3
245 1162 344 1211 Ubi
396 1170 562 1211 autem
613 1161 942 1211 fundamento
995 1161 1198 1225 linguae
1245 1159 1472 1210 destituti
1519 1160 1719 1221 erimus,
1766 1161 1910 1210 facile
1951 1161 2009 1210 fit
2063 1170 2117 1211 ut
2151 1180 2182 1211 a
2214 1165 2339 1213 reali
2373 1182 2573 1232 quoque

48 1248 338 1295 aberremus
374 1259 536 1310 neque
573 1247 705 1294 enim
753 1245 965 1309 amplius
1015 1244 1358 1308 prohibemur,
1411 1245 1679 1312 quominus
1730 1245 1782 1293 in
1835 1262 1993 1295 vanas
2046 1254 2097 1295 et
2147 1248 2436 1298 arbitrariae
2486 1250 2574 1298 ab·

49 1331 346 1380 stractiones
382 1338 432 1378 et
467 1329 864 1379 combinationes
900 1328 1220 1393 abripiamur.
1276 1322 1542 1386 ‘Quamvis
1584 1344 1771 1394 negare
1818 1346 1919 1377 non
1962 1331 2213 1394 possimus
2251 1332 2447 1381 ethicen
2486 1350 2579 1397 per

47 1416 205 1464 multa
238 1422 355 1479 post
386 1413 650 1463 Platonem
694 1414 894 1463 saecula
933 1413 1148 1462 multum
1192 1413 1482 1478 profecisse,
1536 1421 1706 1461 tamen
1757 1414 1907 1462 nobis
1948 1414 2207 1463 fatendum
2254 1425 2345 1477 est,
2398 1434 2579 1465 omnes

47 1500 133 1565 qui
179 1515 290 1547 eam
333 1499 659 1547 tractaverint
699 1500 750 1546 in
797 1515 1021 1547 errorem
1064 1498 1277 1546 alterum
1321 1497 1571 1547 incidisse.
1652 1496 2142 1548 Schleiermacherus
2186 1502 2358 1549 omnia
2409 1501 2576 1550 adhuc

47 1584 306 1649 proposita
355 1591 630 1649 systemata
673 1599 1044 1649 recognoscens
1089 1598 1287 1631 errores
1336 1589 1541 1631 notatos
1588 1582 1844 1646 perspexit
1880 1600 2039 1648 eoque
2088 1584 2389 1647 emendavit,
2442 1585 2579 1650 quod

46 1668 227 1733 partim
276 1667 494 1716 dictione
542 1667 730 1715 omissa
772 1666 1087 1715 conditiones
1140 1667 1302 1715 reales
1354 1666 1658 1726 intuebatur,
1711 1667 1890 1730 partim
1944 1684 2066 1717 vero
2120 1685 2300 1717 vanam
2355 1670 2580 1733 specula·

46 1752 237 1800 tionem
274 1750 451 1799 iisdem
495 1750 866 1820 conditionibus
911 1750 1131 1810 realibus
1170 1750 1631 1811 circumscribebat‚
1688 1750 1752 1797 ad
1804 1767 1928 1815 quas
1982 1752 2182 1815 quidem
2234 1753 2578 1817 respiciendae

49 1851 284 1885 connexu
321 1834 509 1883 ethices
545 1833 872 1900 physicesque
908 1835 1040 1882 clare
1076 1841 1314 1898 percepto
1352 1841 1636 1882 commotus
1672 1841 1761 1882 est.
1803 1872 1808 1875 .

272 1951 466 2004 Deinde
519 1954 1009 2004 Schleiermacherus
1062 1972 1092 2002 a
1142 1955 1393 2019 prioribus
1447 1955 1636 2004 ethices
1688 1955 2017 2020 scriptoribus
2073 1974 2134 2005 eo
2188 1956 2377 2018 differt,
2439 1957 2578 2022 quod

52 2060 194 2092 suam
233 2042 430 2090 ethicen
468 2058 528 2089 ea
569 2041 826 2104 principia,
880 2057 942 2088 ex
990 2040 1171 2104 quibus
1215 2040 1439 2089 actiones
1487 2040 1735 2089 humanae
1784 2048 1953 2090 essent
1993 2040 2359 2105 dijudicandae,
2395 2042 2579 2092 offerre

53 2127 213 2176 voluit
248 2134 395 2190 atque
431 2125 508 2174 his
551 2124 804 2189 principiis
849 2124 914 2172 ad
960 2125 1205 2189 originem
1260 2140 1436 2172 eorum
1488 2124 1780 2188 fontemque
1834 2125 2137 2189 cognitionis
2193 2125 2431 2175 reductus
2487 2136 2580 2175 est.

50 2211 131 2259 Ita¹
162 2209 664 2269 Schleiermacherus,
711 2211 830 2273 (qua
862 2210 914 2256 in
950 2225 1005 2256 re
1041 2216 1118 2257 est
1152 2207 1482 2271 differentia‚)
1536 2224 1692 2272 usque
1737 2208 1801 2256 ad
1836 2208 2001 2256 ideam
2037 2210 2276 2259 scientiae
2313 2211 2580 2260 absolutae

51 2300 164 2343 cum
199 2296 268 2366 τῷ·
297 2293 408 2347 εἶναι
453 2293 822 2352 convenientis,
877 2291 1197 2356 procedebat.
1283 2290 1393 2339 Tali
1437 2290 1591 2339 modo
1639 2301 1898 2340 assecutus
1945 2300 2022 2341 est
2068 2289 2394 2357 opinionem,
2420 2295 2580 2342 vitam

50 2378 293 2426 moralem
329 2376 463 2425 idem
495 2392 605 2424 esse
637 2384 782 2441 atque
817 2377 1063 2423 rationem
1096 2382 1330 2424 naturam
1365 2375 1491 2434 fieri,
1526 2375 1610 2423 vel
1635 2391 1753 2423 eam
1787 2376 1938 2424 talem
1973 2393 2083 2425 esse
2111 2378 2345 2426 effectum
2368 2378 2582 2427 rationis

51 2463 103 2512 in
137 2469 368 2512 naturam
405 2468 461 2510 ut
493 2460 618 2509 haec
652 2460 784 2509 illius
821 2459 1110 2525 symbolum
1143 2458 1249 2507 fiat.
1327 2457 1428 2506 Sed
1478 2458 1540 2506 de
1579 2458 1862 2508 differentia
1895 2461 2028 2509 inter
2063 2460 2583 2512 Schleiermacherum

52 2542 344 2610 ceterosque
398 2546 586 2595 ethices
640 2539 909 2610 scriptores
960 2561 1056 2593 nos
1104 2543 1229 2592 nihil
1282 2543 1526 2592 addamus
1578 2543 1674 2591 nisi
1731 2560 1860 2607 quae
1904 2545 2035 2593 inter
2084 2547 2182 2593 alia
2216 2547 2586 2596 illustrissimus

0 2626 4 2653 ³
50 2630 283 2679 Twesten
318 2631 370 2677 in
397 2629 715 2695 praefatione
751 2629 815 2676 ad
852 2627 1297 2677 Schleiermacheri
1333 2628 1530 2677 ethicen
1566 2627 1971 2692 philosophicam
2005 2630 2159 2677 dixit:

276 2744 363 2792 Bei
392 2745 531 2797 ,allen
567 2743 805 2791 frnheren
841 2740 1106 2809 Systemen
1143 2760 1246 2791 war
1281 2742 1361 2790 die
1395 2741 1514 2789 Idee
1552 2741 1641 2790 des
1687 2742 1939 2790 sittlichen
1981 2742 2183 2792 Lebens
2227 2745 2300 2793 als
2338 2744 2584 2795 Ganzes

51 2829 157 2878 und
199 2829 329 2877 nach
374 2823 548 2876 seinen
580 2815 938 2875 tresentlichen
971 2827 1271 2876 Elementen
1314 2827 1453 2875 nicht
1492 2843 1607 2874 zum
1643 2827 1815 2875 vollen
1850 2825 2191 2877 Bewusstsein
2226 2830 2442 2893 gelangt.
2513 2829 2585 2880 Es

0 2967 2 2973 ‚
51 2927 168 2963 war
200 2908 282 2962 die
330 2911 669 2962 atomistische
704 2900 1037 2976 Behandlung
1078 2895 1160 2958 die
1187 2903 1574 2975 'vorwiegende,
1631 2939 1695 2948 -
1749 2910 1855 2959 und
1899 2910 2034 2961 dann
2071 2912 2210 2962 ward
2244 2912 2335 2963 das
2372 2910 2587 2964 Ganze

0 2978 5 3109 i
53 2996 465 3062 vernachlassigt,
518 3013 575 3046 so
622 2995 739 3046 dass
783 3012 838 3045 es
886 2983 981 3044 nur
1025 2993 1302 3045 alsEtwas
1338 2994 1623 3045 betrachtet
1656 2995 1847 3058 wurde,
1900 3012 2005 3047 was
2039 3013 2136 3047 nur
2171 2997 2329 3047 durch
2363 2996 2469 3047 und
2502 2998 2589 3048 fur

54 3082 146 3133 das
179 3082 417 3132 Einzelne
453 3081 749 3145 Bedeutung
784 3080 928 3131 habe.
997 3078 1087 3127 Bei
1121 3079 1287 3127 dieser
1321 3078 1844 3143 Betrachtungsweise
1883 3081 2007 3130 aber
2041 3082 2177 3130 kann
2212 3081 2319 3143 das,
2363 3099 2468 3132 was
2503 3084 2590 3131 ffir

40 3167 388 3240 ,diesi'ttliche
424 3166 802 3233 Ueberlegung,
853 3165 925 3214 sei
962 3181 1015 3213 es
1050 3165 1103 3213 in
1138 3163 1329 3230 Betreff
1357 3163 1448 3213 der
1477 3162 1710 3226 Zwecke,
1755 3164 1837 3214 die
1876 3166 1983 3215 sich
2017 3165 2238 3216 Jemand
2272 3175 2415 3229 setzt,
2460 3167 2589 3217 oder

56 3251 205 3310 auch„
220 3251 312 3301 der
346 3251 519 3318 Wege,
572 3252 653 3301 die
689 3268 743 3301 er
778 3268 865 3300 zur
899 3249 1211 3321 Erreichung
1252 3248 1520 3298 derselben
1570 3249 1868 3316 einschlagt,
1921 3251 2013 3300 das
2058 3251 2464 3302 Entscheidende
2504 3254 2588 3315 ist,

53 3335 184 3386 nach
220 3336 411 3385 seinem
446 3335 697 3386 sittlichen
735 3334 911 3386 Grund
945 3334 1051 3384 und
1085 3332 1274 3383 Wesen
1308 3349 1398 3398 gar
1431 3333 1571 3382 nicht
1601 3334 1850 3399 begriffen
1875 3336 2093 3385 werden.
2155 3335 2589 3385 Schleiermacher

55 3419 207 3470 allein
241 3419 357 3468 kam
393 3419 584 3482 darauf,
630 3420 746 3470 dass
781 3436 836 3469 es
871 3419 953 3472 die
988 3418 1219 3485 Aufgabe
1257 3417 1348 3466 der
1381 3415 1533 3466 Ethik
1569 3418 1657 3478 sei,
1703 3417 1875 3467 indem
1918 3435 2054 3467 man-
2079 3420 2258 3467 immer
2282 3418 2379 3468 das
2414 3418 2589 3469 Ganze

1989 3499 2018 3544 2
