2825 3722
1329 68 1473 115 13⁷

224 235 231 238 ·
260 252 262 254 v
323 218 422 269 sio
440 219 655 269 efficitur
687 231 788 269 una
821 219 1104 283 partitionis
1144 234 1337 278 caussa,
1385 219 1598 282 imperio
1639 217 1911 280 superioris
1951 217 2004 264 in
2044 216 2251 265 inferius
2292 197 2624 281 congruentia

101 305 384 355 declar-mur
422 304 666 369 simulque
709 296 1059 369 repugnantia·
1080 311 1229 367 atque
1276 302 1348 351 ita
1390 301 1694 351 animantem
1726 309 1792 350 >et
1835 299 2166 349 reluctantem
2210 300 2479 366 accipimus
2521 300 2619 349 vir·

99 387 272 438 tutem.
340 385 618 439 Diversitas
651 397 731 438 est
752 386 1053 437 'manifestaz
1106 386 1205 436 alia
1240 386 1373 436 enim
1409 393 1487 435 est
1521 372 1729 446 functio,
1762 401 1863 449 qua
1897 384 2227 449 congruentia
2256 385 2618 446 manifestatur,

91 473 196 539 alia
231 489 345 536 :qua
395 472 726 538 repugnantia
770 471 958 522 directe
1012 471 1264 522 minuitur.
1343 467 1521 520 Unitas
1571 466 1738 518 autem
1786 475 2055 533 propterea
2096 484 2198 518 non
2242 468 2446 529 tollitur,
2499 484 2618 517 nam

97 555 362 621 utrobique
399 557 627 622 superius
664 555 964 606 dominatur.

323 661 546 710 Alteram
582 659 861 724 partitionis
893 674 1121 708 caussam
1159 656 1386 706 definitio
1423 655 1623 705 virtutis
1660 654 1880 716 exhibet,
1932 671 2057 720 quae
2107 663 2184 703 est
2218 655 2293 708 vis
2329 655 2531 702 moralis
2567 656 2618 703 in

97 745 202 812 vita
236 732 560 812 singulofiim.
621 741 1010 817 Consideremus
1046 735 1377 807 posteriorem
1415 740 1723 788 definitionis
1758 748 1966 804 partem.
2019 737 2139 788 Vita
2172 740 2481 804 singulorum
2518 757 2620 788 non

96 826 325 879 ahsolute
360 829 452 878 sed
485 836 680 877 tantum
728 824 937 875 relative
985 827 1208 875 solitaria
1240 835 1328 875 est
1369 834 1420 875 et
1450 824 1736 874 «universali
1783 824 2177 889 contrapositum
2224 833 2301 873 est
2340 824 2617 874 relativum.

95 913 320 962 Primum
363 914 415 967 in
459 928 613 960 unum
661 928 908 974 quemque
945 911 1257 960 extrinsecus
1293 911 1472 976 agitur,
1519 926 1617 973 quo
1653 908 1711 957 fit
1745 910 1939 973 patiens
1985 909 2157 972 (etiam
2205 925 2318 958 cum
2365 909 2619 958 reactione

95 1013 244 1062 quam
278 1012 374 1045 nos
406 994 717 1060 appellamus
749 992 1305 1060 „Empi'anglichkeit“).
1374 992 1503 1043 Tum
1544 993 1725 1058 singuli
1759 994 2058 1043 intrinsecus
2094 994 2229 1042 foras
2265 1001 2435 1059 agunt,
2471 1009 2617 1058 quam

96 1079 347 1129 actionem
381 1094 477 1128 nos
513 1077 822 1143 appellamus
857 1076 1367 1145 „Selbstthatigkeitfl
1429 1077 1485 1125 In
1522 1078 1727 1125 homine
1764 1079 1897 1125 enim
1931 1079 2034 1125 vita
2080 1079 2156 1125 sui
2196 1078 2399 1126 conscia
2446 1086 2523 1126 est
2570 1086 2620 1124 et

94 1163 220 1214 duas
255 1163 413 1213 habet¹
441 1162 631 1211 formas
675 1178 884 1227 quarum
920 1163 1127 1212 alteram
1163 1161 1656 1211 Schleiermacherus
1690 1170 1946 1225 nuncupat
1989 1161 2109 1222 „das
2145 1163 2393 1210 bewusste
2430 1162 2615 1209 Insich-

95 1246 380 1295 einbilden“
428 1248 480 1294 in
516 1263 615 1309 quo
650 1248 994 1310 receptivitas,
1049 1249 1259 1295 alteram
1313 1247 1434 1307 „das
1480 1247 1731 1295 bewusste
1777 1247 2360 1306 Aussicherausbilden“‚
2414 1248 2465 1294 in
2517 1264 2617 1311 quo

94 1332 438 1396 spontaneitas
471 1332 742 1394 praevalet.
811 1331 952 1380 illam
989 1330 1201 1381 dicimus
1237 1331 1579 1396 cognitionem
1615 1336 1701 1380 aut
1732 1329 2159 1395 imaginationem,
2204 1329 2334 1379 hanc
2368 1330 2617 1380 actionem

93 1416 201 1465 sive
237 1415 494 1465 efficacem
529 1415 637 1465 sive
672 1416 1187 1479 repraesentatoriam.
1247 1414 1386 1466 Haec
1409 1415 1561 1481 igitur
1584 1415 1747 1465 forma
1786 1415 2065 1482 communis
2091 1422 2180 1478 est,
2220 1416 2384 1466 omnis
2408 1415 2619 1466 actionis

93 1500 260 1552 vitalis
296 1508 443 1566 atque
479 1499 573 1552 sub
609 1499 703 1550 hac
737 1508 932 1551 tantum
968 1501 1211 1551 rationale
1258 1508 1427 1567 potest
1474 1500 1721 1550 dominari
1765 1499 1816 1548 in
1860 1499 2188 1550 irrationale„
2231 1500 2306 1550 Ita
2341 1501 2618 1551 secundum

94 1585 380 1649 accipimus,
413 1582 711 1634 divisionem
756 1585 903 1648 hujus
947 1585 1303 1635 dominationis
1339 1585 1413 1650 (id
1456 1595 1534 1633 est
1568 1585 1790 1647 virtutis)
1843 1586 1895 1632 in
1927 1587 2427 1648 repraesentatoriam
2485 1587 2616 1651 (dar-

93 1669 361 1732 stellende)
410 1677 461 1717 et
494 1669 895 1734 imaginatoriam
936 1669 1333 1732 (vorstellende).
1415 1668 1588 1718 Virtus
1624 1667 1825 1733 quidem
1861 1669 2211 1733 imaginatorie
2263 1670 2367 1718 sine
2421 1687 2616 1736 reprae-

94 1752 369 1802 sentatoria
405 1753 567 1802 solum
600 1753 819 1824 ¹{anatica
855 1762 988 1802 esset
1021 1754 1295 1814 meditatio,
1340 1753 1795 1818 repraesentatoria
1829 1769 1952 1801 vero
1998 1753 2118 1801 nihil
2167 1754 2301 1803 foret
2344 1755 2617 1803 humanum

91 1835 279 1886 nedum
313 1838 505 1886 morale
540 1819 635 1886 nisi
652 1833 654 1835 ’
671 1838 767 1885 sita
804 1846 937 1886 esset
970 1839 1019 1886 in
1058 1839 1358 1903 cognitione.
1428 1837 1721 1885 Diversitas-
1743 1838 2000 1901 utriusque
2028 1838 2228 1886 virtutis
2264 1847 2416 1903 patet,
2452 1840 2616 1888 unitas

90 1930 260 1970 tamen
305 1939 411 1970 non
452 1922 658 1982 tollitur,
712 1923 897 1970 etenim
941 1923 1203 1987 imperium
1248 1922 1519 1986 superioris
1560 1914 1611 1969 in
1656 1922 1864 1970 inferius
1900 1922 1950 1969 in
1987 1930 2198 1987 utraque
2236 1923 2328 1972 sed
2363 1923 2615 1973 diversum

93 2006 276 2054 existit.
348 2006 542 2054 Ambae
570 1998 743 2054 'autem
780 2006 1063 2070 partitionis
1099 2024 1304 2056 caussae
1345 2023 1398 2055 se
1443 2007 1598 2054 veluti
1643 2005 1935 2055 decussant:
1997 2006 2157 2055 virtus
2205 2008 2446 2068 animans,
2500 2025 2615 2072 qua·

90 2098 239 2139 tenus
274 2090 542 2154 praecipue
578 2099 655 2139 est
689 2107 1017 2154 cognoscens,
1071 2091 1349 2156 appellatur
1390 2091 1647 2154 sapientia,
1701 2099 1946 2155 quatenus
2002 2099 2080 2140 est
2133 2081 2399 2157 effingens,
2449 2109 2615 2151 amor3

90 2170 251 2223 virtus
285 2191 407 2223 vero
443 2190 727 2239 repugnans
763 2173 1257 2239 (insicheinbildend)
1293 2173 1572 2240 prudentia,
1609 2191 1763 2240 agens
1800 2185 1966 2224 autem
2005 2176 2289 2225 constantia
2325 2186 2547 2225 vocatur.

316 2294 393 2344 Ita
427 2294 914 2354 Schleiermacherus
951 2305 1163 2361 quatuor
1200 2313 1316 2345 suas
1353 2295 1563 2344 virtutes
1602 2297 1897 2361 praecipuas
1933 2298 2134 2362 reperit,
2176 2298 2423 2365 nobisque
2460 2300 2613 2349 modo

89 2387 262 2440 restat,
297 2387 354 2429 ut
388 2396 610 2430 summas
644 2379 1090 2430 Schleiermacheri
1138 2398 1250 2430 cum
1287 2380 1559 2429 Platonicis
1594 2381 1912 2430 conferamus
1928 2389 1930 2392 '
1948 2391 2004 2430 ut
2037 2384 2349 2447 propositum
2391 2386 2617 2448 opusculi

88 2465 249 2513 nostri
300 2481 638 2528 assequamur.
724 2465 799 2514 Eo
855 2467 985 2514 enim
1044 2465 1557 2528 Schleiermacherum
1613 2465 1849 2529 prosequi
1901 2467 2140 2517 nolumus
2192 2468 2278 2517 ubi
2334 2468 2613 2519 aedificium

88 2550 330 2603 virtutum
383 2547 587 2598 suarum
638 2551 1016 2615 praecipuarum
1070 2551 1286 2600 realibus
1339 2549 1506 2599 studet
1558 2548 1827 2613 complere,
1884 2568 2034 2616 quum
2091 2552 2185 2602 hac
2233 2571 2286 2603 re
2340 2554 2538 2619 longius
2586 2572 2615 2604 a

87 2634 295 2683 notione
333 2633 530 2683 virtutis
565 2632 937 2684 dimoveremur
972 2651 1118 2699 quam
1156 2635 1365 2685 consilio
1400 2634 1547 2700 hujus
1582 2633 1737 2683 libelli
1773 2636 2048 2686 convenire
2084 2637 2295 2687 videtur.
2356 2638 2612 2688 Summam

87 2734 212 2767 vero
249 2718 638 2782 comparationis
667 2719 948 2783 praeceptis
986 2720 1277 2785 compositis
1311 2718 1452 2768 brevi
1485 2718 1604 2765 licet
1638 2720 2083 2784 comprehendere.

219 2843 223 2845 ’
312 2831 378 2881 Et
420 2830 564 2881 Plato
608 2842 658 2882 et
701 2830 1188 2893 Schleiermacherus
1233 2842 1447 2884 aetatem
1489 2835 1800 2900 superiorem
1848 2838 2160 2902 recognovit,
2208 2856 2305 2904 qua
2351 2840 2613 2907 recognita

86 2925 296 2982 uterque
332 2917 482 2965 etiam
519 2916 734 2981 positiva
769 2919 1027 2967 constituit
1060 2920 1111 2967 in
1149 2919 1578 2983 explorationibus
1612 2920 1808 2968 ratione
1844 2921 2118 2971 heuristica
2153 2940 2288 2984 usus,
2336 2933 2543 2987 uterque
2581 2942 2611 2972 a

86 2993 374 3068 primordiis
409 3001 585 3052 ethicis
621 3001 685 3050 ad
720 3001 1014 3053 dialecticen
1050 3003 1314 3070 diligenter
1348 3004 1679 3054 excolendam
1717 3007 1941 3068 revertit,
1987 3016 2043 3056 ut
2087 3008 2194 3073 ejus
2237 3010 2516 3074 praeceptis
2560 3018 2611 3059 et

84 3087 344 3153 principiis
395 3088 536 3142 nisus
585 3095 822 3153 tanquam
874 3105 1049 3166 recens
1109 3089 1385 3153 meliusque
1439 3097 1660 3138 armatus
1712 3092 1764 3139 in
1824 3101 2079 3142 certamen
2132 3094 2340 3154 rediret;
2399 3103 2609 3160 uterque

67 3172 246 3221 'intimi
259 3171 470 3240 ,fiethices
502 3172 831 3244 physicesque
867 3189 1127 3222 connexus
1161 3172 1255 3223 sibi
1290 3174 1521 3223 conscius
1555 3175 1650 3224 fuit
1685 3192 1846 3240 eoque
1882 3178 2023 3227 nisus
2060 3187 2148 3228 est.
2218 3180 2411 3230 Ambos
2458 3181 2610 3247 igitur

82 3256 358 3323 magistros
388 3256 565 3306 eadem
600 3257 840 3307 methodo
873 3254 1192 3324 s'ystematica
1222 3275 1343 3307 usos
1367 3258 1610 3308 videmus.
1649 3258 1901 3319 ‚Praestat
1925 3270 2091 3312 autem
2117 3261 2607 3314 Schleiermacherus

84 3342 236 3406 longe
271 3341 463 3406 majore
499 3358 597 3406 qua
631 3341 829 3391 ethicen
866 3344 1118 3409 pertexuit
1152 3344 1448 3403 subtilitate3
1500 3344 1552 3392 id
1585 3348 1719 3410 quod
1755 3347 1903 3395 facile
1942 3349 2192 3414 intelliges
2228 3351 2267 3396 si
2304 3354 2417 3396 eum
2455 3351 2606 3414 longe

84 3426 195 3474 aliis
232 3424 468 3481 subsidiis
491 3426 798 3476 ,instructum
835 3428 898 3476 ad
933 3429 1061 3498 hanc
1086 3430 1427 3493 quaestionem
1453 3430 1722 3484 accessisse
1749 3435 2076 3496 reputaveris.
2128 3434 2322 3481 Ambos
2347 3442 2608 3496 praeterea
