2825 3722
1383 28 1412 74 8

125 178 275 226 trium
316 161 446 225 illius
484 176 732 236 ordinum,
769 177 865 236 hic,
908 191 1059 239 quum
1097 177 1322 241 singulos
1357 177 1609 226 intuemur
1644 174 1891 232 homines,
1936 174 2090 222 animi
2128 175 2452 226 concordiam
2487 192 2660 225 secum

123 263 251 310 ferat
287 261 418 324 iique
466 260 675 324 proinde
722 277 821 308 una
864 268 1005 325 parte
1056 262 1377 325 praevalente
1424 260 1588 325 (unde
1634 268 1802 308 tamen
1850 258 1917 305 ob
1959 258 2120 322 ipsam
2165 259 2481 315 harmoniam
2533 275 2658 310 nun-

124 364 271 410 quam
321 363 384 394 ne
433 346 691 395 lenissima
735 344 935 409 quidem
982 346 1315 410 repugnantia
1360 355 1538 396 contra
1569 353 1762 394 ceteras
1804 352 1972 408 partes
2007 343 2193 392 exoriri
2227 346 2420 408 potest)
2452 346 2513 394 *in
2559 346 2659 394 hoc

121 432 203 480 vel
253 431 340 479 illo
388 430 564 485 ordine
611 437 951 479 numerentur.
1030 429 1237 481 Justitia
1285 432 1436 497 igitur
1484 438 1560 480 est
1602 428 1872 489 vinculum,
1926 445 2025 493 quo
2072 438 2241 493 partes
2275 427 2427 478 animi
2463 430 2658 490 insimi-

113 523 278 565 tatem
316 515 625 580 rediguntur.
696 513 886 573 Quarta
921 516 1086 579 posita
1122 517 1320 576 virtute,
1368 533 1487 564 sane
1524 516 1807 563 invenimus
1843 529 2073 564 caussam
2122 514 2440 563 coercitionis
2488 516 2657 579 singu-

120 586 283 649 larum
321 600 537 664 partium
575 600 741 657 animi,
790 599 879 648 sed
914 601 1085 660 talem,
1139 618 1263 665 quae
1302 607 1506 649 cunctas
1549 607 1718 663 partes*
1751 599 1802 646 in
1839 610 2046 647 munere
2082 597 2371 663 peragendo
2407 607 2658 663 temperet

123 693 271 746 atque
306 683 696 731 circumscribat.
770 683 943 733 Virtus
991 685 1102 748 ipsa
1143 702 1264 733 vero
1313 684 1436 732 nihil
1472 691 1579 732 erat
1614 681 1763 743 aliud,
1807 699 1955 746 quam
1990 691 2128 731 recta
2162 682 2389 747 qualitas,
2425 683 2653 732 internus

123 769 265 828 ordo,
321 767 593 817 concordia
644 768 810 817 animi.
900 768 1072 833 Itaque
1126 767 1389 818 Platonem
1441 766 1669 817 videmus
1721 775 1950 832 quartam
2001 765 2229 832 posuisse
2283 765 2550 829 virtutem,
2600 774 2656 816 ut

121 869 351 900 caussam
389 851 712 900 coercitionis
748 852 1075 917 appetituum,
1125 861 1298 917 utpote
1343 859 1468 916 'quae
1513 851 1749 901 coercitio
1786 861 1967 900 natura
2009 852 2059 899 in
2107 851 2167 899 iis
2212 851 2378 900 inesse
2415 860 2648 916 nequeat,

121 937 385 1001 reperiret:
447 936 577 985 hanc
632 953 755 985 vero
813 954 1042 986 caussam
1092 953 1200 986 esse
1254 937 1489 985 virtutem
1542 936 1829 1000 generalem
1880 935 2093 1000 ideoque
2141 943 2369 999 quartam
2415 936 2654 985 virtutem

121 1022 392 1084 specialem
429 1022 685 1069 numerari
721 1039 824 1069 non
861 1039 1024 1085 posse.
1096 1021 1147 1069 Si
1185 1040 1283 1069 non
1328 1022 1392 1069 sit
1437 1021 1594 1068 virtus
1649 1020 1913 1084 generalis,
1966 1036 2071 1067 non
2122 1019 2294 1083 liquet,
2347 1037 2445 1083 quo
2500 1020 2653 1068 modo

120 1105 386 1153 inferiores
442 1106 595 1153 animi
649 1114 818 1168 partes
870 1108 920 1154 in
975 1106 1169 1169 agendo
1224 1106 1316 1154 sibi
1362 1105 1501 1169 ipsae
1548 1103 1755 1154 modum
1808 1087 2128 1154 constituant.
2221 1103 2332 1153 Hoc
2377 1105 2490 1153 loco
2534 1103 2658 1153 illud

121 1191 315 1249 vitium,
353 1190 495 1253 cujus
523 1200 685 1254 'supra
720 1191 782 1238 de
820 1192 1086 1254 partitione
1123 1192 1274 1238 animi
1310 1190 1622 1253 disputantes
1651 1190 1758 1254 jam
1795 1189 2004 1259 fecimus
2042 1189 2363 1249 mentionem,
2400 1184 2655 1254 repetitur.

123 1273 236 1333 Quo
283 1274 407 1322 vitio
457 1274 584 1323 adeo
632 1274 877 1324 adductus
924 1283 999 1323 est
1043 1273 1532 1324 Schleiermacherus
1577 1273 1641 1321 ad
1686 1273 2038 1337 suspicandum
2074 1273 2339 1322 Platonem
2385 1291 2487 1322 non
2526 1273 2658 1321 serio

123 1359 262 1407 illam
301 1359 543 1407 virtutum
581 1359 900 1423 partitionem
938 1360 1129 1420 fecisse,
1166 1358 1343 1407 sed'se
1381 1359 1547 1424 potius
1583 1358 1646 1406 ad
1673 1359 1963 1424 opinionem
1988 1372 2308 1407 communem
2334 1358 2420 1420 (de
2447 1366 2660 1423 quatuor

124 1444 397 1492 virtutibus
451 1445 756 1508 praecipuis)
811 1444 1230 1493 accommodasse.
1315 1443 1463 1502 Quod
1516 1443 1716 1507 quidem
1763 1443 2008 1507 ‚iudicium
2054 1442 2499 1493 Schleiermacheri
2553 1460 2658 1491 non

126 1528 484 1593 approbamus,
522 1529 705 1593 quippe
740 1546 849 1576 eam
887 1546 1007 1588 rem,
1045 1546 1140 1593 qua
1176 1538 1456 1577 commotus
1489 1527 1634 1577 Plato
1674 1536 1899 1593 quartem
1936 1528 2162 1593 posuerit
2200 1528 2452 1589 virtutem,
2501 1523 2662 1577 multo

130 1630 242 1661 esse
289 1613 577 1678 graviorem
628 1622 678 1661 et
725 1622 900 1677 quarta
947 1632 971 1660 e
1021 1615 1200 1661 virtute
1250 1630 1478 1662 caussam
1525 1614 1844 1662 coercitionis
1889 1614 2197 1678 singularum
2246 1614 2399 1662 animi
2444 1614 2662 1677 partium

123 1697 399 1769 *petendam
437 1714 548 1746 esse
586 1699 931 1762 cognovimus.
1001 1697 1170 1762 Neque
1207 1698 1340 1762 apud
1385 1698 1548 1762 ipsum
1599 1697 1864 1775 Platon-em
1909 1698 1960 1746 in
2004 1698 2254 1763 primibus
2297 1690 2510 1764 dialogis
2553 1698 2660 1762 jam

125 1790 366 1829 constans
414 1792 490 1829 est
533 1799 773 1831 numerus
820 1791 1083 1845 quatuor
1127 1783 1381 1842 virtutum,
1436 1799 1501 1830 ex
1549 1799 1646 1846 quo
1686 1781 1863 1841 elucet,
1908 1780 2334 1835 Platonis-aetate
2372 1782 2660 1847 opinionem

120 1866 191 1936 *de
246 1875 461 1931 quatuor
517 1867 786 1916 virtutibus
838 1868 1116 1932 praecipuis
1169 1884 1488 1918 communem
1542 1884 1645 1916 non
1698 1867 1867 1927 fuisse,
1921 1866 2010 1916 sed
2064 1868 2172 1932 ipso
2227 1875 2433 1916 auct-ore
2486 1875 2665 1932 postea

126 1952 417 2002 invaluisse.
508 1950 652 2000 Plato
705 1952 871 2017 potius
917 1953 1159 2018 justitiam
1215 1970 1274 2001 eo
1331 1969 1482 2001 sensu
1535 1961 1761 2018 quartam
1815 1953 2051 2002 virtutem
2106 1968 2397 2001 numerasse
2452 1952 2663 2013 videtur,

128 2054 228 2102 quo
274 2038 579 2085 Aristoteles
627 2038 994 2102 philosophiam
1049 2038 1307 2086 custodem
1362 2038 1639 2086 litterarum
1697 2039 1990 2099 nominavit,
2044 2038 2411 2102 philosophIam
2462 2038 2664 2101 quidem

127 2122 321 2170 litteras
358 2122 490 2169 inter
527 2138 581 2169 se
621 2122 939 2185 conjungere,
977 2123 1063 2170 sed
1103 2123 1261 2186 ipsam
1301 2124 1450 2172 etiam
1489 2123 1740 2187 principiis
1778 2123 1880 2170 suis
1919 2139 2030 2177 cum
2069 2140 2364 2187 unaquaque
2403 2123 2665 2188 disciplina

129 2222 413 2253 connexam
468 2221 578 2253 esse
630 2214 680 2252 et
724 2222 866 2253 suum
915 2208 1089 2270 cuique
1135 2209 1348 2270 spatium
1398 2208 1618 2256 tribuere
1664 2208 1862 2264 dicens;
1925 2217 1972 2255 at
2011 2207 2313 2270 singularem
2351 2205 2667 2271 disciplinam

127 2291 431 2338 Aristoteles
471 2307 575 2336 non
611 2289 771 2352 magis
817 2289 896 2336 hic
943 2289 1312 2355 philosophiam
1363 2308 1509 2354 quam
1556 2290 1700 2339 Plato
1740 2292 1985 2355 justitiam
2034 2299 2260 2354 quartam
2299 2290 2533 2339 virtutem
2575 2308 2664 2340 nu-

128 2392 324 2423 merare
383 2374 572 2438 potuit,
632 2373 817 2421 etenim
875 2374 1191 2437 perspicuum
1247 2382 1347 2433 est,
1398 2375 1529 2439 apud
1581 2375 1718 2422 illum
1765 2377 1966 2423 omnem
2013 2376 2273 2424 scientiam
2320 2376 2521 2423 nonnisi
2568 2392 2664 2439 ope

128 2459 481 2524 philosophiae
520 2467 769 2517 constare,
808 2459 951 2506 sicuti
990 2459 1288 2521 patefactum
1326 2469 1416 2519 est,
1459 2459 1705 2524 siquidem
1742 2470 1876 2509 recte
1914 2461 2219 2526 scripsimus,
2250 2460 2495 2525 justitiam
2532 2460 2666 2524 apud

129 2544 398 2592 Platonem
435 2543 561 2590 nihil
599 2542 735 2589 aliud
774 2559 883 2590 esse
921 2560 1067 2605 quam
1107 2544 1339 2591 virtutem
1377 2545 1678 2609 generalem.

357 2666 651 2730 Invenimus
703 2665 857 2729 igitur
910 2665 1043 2729 apud
1093 2664 1356 2714 Platonem
1405 2667 1456 2715 in
1508 2650 1776 2732 partitione
1829 2667 2232 2732 ambiguitatem,
2285 2684 2425 2731 quae·
2464 2667 2666 2732 quidem

131 2760 406 2816 systemate
462 2750 570 2814 ejus
624 2750 829 2799 exculto
881 2749 1081 2798 firmata
1133 2758 1220 2810 est,
1276 2750 1366 2799 sed
1418 2751 1741 2801 incommodo
1785 2759 1952 2801 rectae
1996 2752 2219 2802 rationis.
2298 2751 2506 2822 Vitium·
2534 2753 2669 2822 enim

132 2836 418 2901 partitionis
453 2836 504 2884 in
542 2852 603 2884 eo
641 2834 792 2884 situm
833 2843 923 2893 est,
978 2832 1112 2897 quod
1147 2833 1270 2883 haec
1306 2852 1408 2885 non
1447 2845 1523 2886 est
1559 2837 1874 2903 organica,
1929 2836 1991 2885 de
2034 2834 2132 2902 qua
2165 2854 2219 2886 re
2256 2836 2391 2903 apud
2425 2835 2670 2889 Schleier-
2713 2858 2723 2871 ¹

133 2921 439 2981 macherum,
476 2920 557 2985 qni
600 2918 912 2989 hoclvitimn
948 2910 1182 2979 correxit,
1219 2920 1365 2969 nobis
1401 2920 1567 2970 denuo
1606 2920 1858 2987 agendum
1896 2922 2003 2970 erit.
