2825 3722
1402 54 1432 97 4

144 205 264 254 dass
309 204 398 252 der
445 202 694 252 Dialectik
739 204 818 252 ein
866 204 1127 269 negativer
1174 200 1446 251 Character
1490 199 1782 249 wesentlich
1829 200 1917 259 sei,
1962 199 2107 262 jeder
2152 200 2366 264 positive
2412 198 2684 250 Characte‘r
2734 189 2737 191 ⁵

146 290 283 349 aber,
337 288 435 336 den
492 290 564 337 sie
617 289 725 337 rein
781 289 863 336 fiir
918 288 1023 336 sich
1076 288 1340 346 annehme,
1388 278 1484 334 nur
1538 287 1617 334 ein
1671 276 2104 350 mythologischer
2137 285 2262 331 ’sein
2316 285 2496 333 konne.
2578 283 2682 348 (Of.

147 372 600 422 Schleiermacheri
637 373 749 421 hist.
786 373 905 437 phil.
942 390 987 437 p.
1029 374 1103 430 18,
1142 373 1243 434 98.)
2229 366 2233 370 ’
2273 419 2287 434 Χ

378 456 544 515 Quum
591 459 742 523 igitur
788 457 1010 505 maxima
1055 456 1203 505 nobis
1249 465 1478 520 suppetat
1524 456 1617 504 viri
1671 454 1946 504 doctissimi
2000 453 2285 513 auctoritas,
2327 460 2462 517 'quae
2516 453 2682 503 simili·

148 542 377 590 tudinem
423 543 553 590 inter
599 541 863 590 Platonem
912 549 963 589 et
999 538 1511 587 Schleiermacherum
1569 546 1892 598 contestetur,
1947 539 2181 603 quoniam
2208 537 2280 586 de
2316 539 2498 586 virtute
2534 537 2682 586 nobis

148 643 301 690 agere
334 628 646 690 propositum
692 635 782 685 est,
830 626 1091 672 amborum
1128 623 1544 686 philosophorum
1580 622 1807 671 Platonis
1853 632 1902 670 et
1937 621 2381 670 Schleiermacheri
2418 626 2710 685 praecepta'

149 710 213 756 de
251 711 436 758 virtute
486 712 706 758 breviter
749 725 1077 772 exponamus,
1131 716 1183 754 ut
1234 701 1412 769 quibus
1465 707 1515 753 in
1561 706 1713 753 rebus
1756 707 1837 754 vel
1885 691 2200 753 consentiant
2246 708 2327 753 vel
2371 706 2683 765 dissentiant,

152 802 383 857 apertum
421 787 522 841 fiat{

380 876 649 927 Ordiamur
682 895 803 927 vero
841 885 1055 925 aetatem
1094 882 1357 940 sequentes
1394 891 1421 922 a
1456 873 1669 922 Platone
1707 891 1765 922 ac
1812 875 2026 939 primum
2072 874 2269 939 quidem
2314 875 2538 925 habitum
2575 875 2683 940 ejus

149 962 215 1010 ad
265 962 460 1011 ethicen
507 979 566 1011 eo
612 979 768 1026 usque
816 960 1064 1019 traditam,
1113 958 1292 1007 deinde
1346 959 1550 1006 omnino
1619 958 1832 1006 ethicam
1878 959 1984 1023 ejus
2038 966 2255 1009 mentem
2312 959 2683 1020 adumbremus,

149 1054 201 1094 et
236 1055 343 1094 tum
384 1048 490 1110 ejus
526 1055 794 1110 praecepta
833 1047 894 1093 de
938 1047 1119 1093 virtute
1167 1043 1392 1107 pluribus
1442 1044 1764 1106 explicemus.
1834 1042 2021 1091 Postea
2050 1052 2225 1092 autem
2273 1044 2573 1108 transgressi
2619 1043 2682 1091 ad

150 1130 672 1179 Schleiermacherum
712 1130 886 1177 eadem
926 1129 1009 1176 illa
1045 1127 1433 1186 consideremus,
1482 1127 1696 1190 denique
1743 1144 1987 1175 summam
2037 1129 2321 1191 scriptionis
2361 1136 2563 1177 nostrae
2610 1128 2682 1175 ita

151 1213 663 1278 comprehendamus,
709 1223 761 1260 ut
800 1221 898 1260 tam
940 1228 1065 1274 quae
1102 1211 1198 1259 illis
1232 1210 1544 1274 philosophis
1586 1218 1854 1274 praecepta
1897 1211 1959 1258 de
2006 1211 2190 1260 virtute
2237 1212 2336 1260 sint
2381 1211 2682 1271 communia,

150 1314 301 1361 quam
339 1314 465 1361 quae
502 1298 551 1344 in
591 1295 1014 1360 speculationibus
1049 1295 1247 1342 illorum
1286 1290 1650 1342 dissensionem
1688 1293 1925 1355 indicent,
1963 1311 2268 1359 cognoscere
2305 1295 2568 1359 possimus.

378 1381 604 1429 Platonis
660 1398 843 1428 nomen
894 1378 1112 1427 Socratis
1156 1379 1359 1426 nomine
1408 1379 1458 1425 in
1504 1379 1798 1427 memoriam
1844 1396 1948 1426 non
1996 1388 2177 1428 vocato
2226 1381 2309 1428 vix
2356 1379 2454 1428 dici
2497 1388 2678 1444 potest.

150 1465 373 1514 Maxime
419 1473 812 1513 consentaneum
868 1474 956 1523 est,
1011 1464 1307 1528 discipulum
1366 1480 1395 1510 a
1448 1471 1774 1527 praeceptore
1821 1464 1871 1511 in
1917 1464 2148 1528 propriae
2195 1465 2430 1513 scientiae
2467 1463 2678 1529 gradum

150 1552 338 1600 elatum
383 1559 529 1615 atque
561 1551 665 1614 jam
703 1558 879 1613 suopte
916 1556 1074 1618 marte
1110 1548 1344 1613 progredi
1382 1556 1649 1596 conantem
1684 1547 1746 1596 ab
1783 1540 1880 1597 ins
1916 1548 2291 1613 definitionibus
2322 1566 2447 1613 quae
2491 1550 2536 1598 ei
2580 1550 2680 1599 sint

148 1635 380 1697 traditae,
436 1635 698 1699 proficisci.
770 1632 870 1683 Sed
914 1633 963 1682 id
999 1633 1253 1697 ingenium
1298 1649 1401 1681 non
1446 1648 1566 1681 vere
1606 1640 1683 1682 est
1724 1631 1920 1694 efficax,
1969 1632 2102 1697 quod
2149 1651 2294 1684 suum
2340 1633 2493 1683 modo
2539 1639 2678 1700 prae·

151 1730 409 1784 ceptorem
465 1719 631 1767 denuo
686 1719 941 1782 producat,
995 1735 1087 1766 nec
1139 1718 1189 1764 id
1243 1716 1442 1765 Platoni
1499 1733 1717 1781 unquam
1769 1717 1818 1764 in
1865 1725 2084 1766 mentem
2135 1720 2305 1766 venire
2349 1726 2559 1783 poterat.
2628 1718 2679 1767 Is

150 1805 354 1867 quidem
401 1820 655 1866 nunquam
703 1803 763 1849 de
813 1804 914 1850 suis
958 1804 1156 1850 locutus
1206 1811 1282 1850 est
1330 1802 1770 1865 speculationibus,
1819 1810 1966 1865 atque
2000 1803 2329 1851 libentissime
2365 1803 2678 1866 praeceptori

149 1905 259 1947 suo,
310 1888 460 1935 animi
510 1888 635 1951 grati
680 1895 1074 1945 monumentum,
1123 1886 1257 1949 quod
1304 1903 1455 1934 nemo
1503 1903 1721 1950 unquam
1760 1886 2029 1950 superavit,
2076 1886 2328 1947 dedicans,
2367 1903 2419 1935 se
2457 1885 2678 1936 Socratis

150 1971 309 2020 veluti
365 1971 577 2019 scribam
634 1970 873 2030 exhibuit,
928 1973 1021 2018 n‘os
1076 1978 1243 2018 autem
1297 1968 1555 2018 Socratem
1604 1967 1914 2017 Socraticum
1968 1969 2117 2017 alium
2166 1988 2314 2034 quam
2361 1968 2676 2019 Platonicum

148 2056 305 2103 fuisse
331 2055 542 2102 scimus.
612 2052 895 2102 Socraticae
933 2071 1053 2102 sane
1091 2071 1266 2102 omnes
1304 2062 1448 2101 erant
1482 2052 1709 2101 Platonis
1747 2053 2024 2100 sententiae
2069 2054 2355 2116 primariae:
2394 2053 2525 2118 apud
2564 2070 2677 2102 eum

150 2142 285 2187 onim
323 2140 483 2203 proba
520 2139 697 2203 agendi
732 2139 859 2185 ratio
898 2155 1010 2186 cnm
1045 2147 1183 2186 recta
1220 2139 1507 2201 cognitione
1543 2145 1600 2185 ut
1635 2137 1767 2200 apud
1805 2136 2063 2186 Socratem
2100 2139 2351 2199 cohaeret,
2394 2139 2526 2208 apud
2563 2153 2677 2187 eum

147 2225 326 2287 religio
366 2224 528 2270 ethica
564 2240 675 2270 cum
729 2223 1045 2285 philosophia
1084 2225 1155 2271 uti
1204 2224 1334 2287 apud
1380 2224 1520 2271 illum
1568 2230 1645 2270 est
1693 2222 1962 2285 conjuncta
2014 2223 2105 2286 (cf.
2158 2222 2405 2272 Zellerum
2458 2224 2509 2270 in
2562 2223 2675 2272 hist.

149 2308 270 2373 phil.
309 2324 474 2372 graec.
512 2306 573 2354 de
610 2304 858 2370 Platone),
906 2307 948 2356 is
986 2315 1035 2355 et
1070 2307 1408 2371 cognitionem
1455 2314 1505 2355 et
1544 2305 1729 2372 agendi
1761 2305 2010 2355 rationem
2046 2306 2098 2355 in
2134 2306 2343 2356 scientia
2377 2306 2676 2373 intelligibili

145 2392 291 2457 ponit
342 2392 471 2440 sicut
495 2379 619 2448 'ille3
676 2390 762 2438 sed
809 2389 1069 2440 Platonem
1117 2390 1372 2440 Socratica
1419 2391 1587 2440 omnia
1626 2390 1869 2455 perficere
1905 2389 2113 2439 dilatare
2148 2390 2303 2439 immo
2341 2391 2489 2458 etiam
2523 2392 2676 2458 longe

141 2466 427 2539 transgredi
480 2475 761 2538 oportebat.
833 2474 993 2533 Quum
1041 2474 1288 2523 Socrates*
1321 2476 1428 2539 ipse
1473 2491 1677 2523 manum
1721 2475 1869 2523 nobis
1911 2482 2059 2538 atque
2106 2475 2285 2539 pedem
2334 2483 2384 2523 et
2430 2484 2579 2540 caput
2626 2484 2677 2525 et

143 2577 329 2625 corpus
384 2560 646 2618 describit,
700 2576 794 2607 nos
846 2568 1014 2608 tamen
1067 2575 1182 2608 non·
1224 2560 1554 2625 perspicimus
1606 2559 2029 2624 quemadmodum
2084 2561 2294 2615 alterum
2349 2560 2411 2606 ad
2465 2561 2674 2609 alterum

140 2646 395 2710 pertineat
445 2645 756 2707 alterumque
810 2644 951 2692 alteri
1005 2646 1203 2707 serviat,
1256 2644 1402 2694 Plato
1457 2645 1666 2704 alterum
1721 2644 1785 2693 ad
1838 2645 2049 2694 alterum
2096 2645 2303 2709 apponit
2347 2652 2494 2708 atque
2530 2662 2674 2696 suum

141 2730 324 2795 cuique
365 2729 599 2794 designat
624 2728 809 2789 locum,
847 2737 902 2777 ut
935 2736 1095 2779 totum
1132 2730 1289 2780 vitam
1324 2728 1576 2795 quandam
1612 2736 1949 2793 consequatur
1984 2737 2133 2794 atque
2168 2729 2287 2780 vivo
2324 2729 2464 2793 quasi
2500 2730 2675 2781 ordine

141 2822 433 2873 moveatur;
495 2813 701 2860 omnino
757 2813 890 2876 quod
945 2814 1076 2878 apud
1129 2814 1388 2862 Socratem
1425 2815 1628 2862 axioma
1676 2820 1785 2862 erat
1831 2815 2080 2878 generale,
2133 2813 2266 2878 apud
2310 2813 2571 2862 Platonem
2617 2815 2675 2863 fit

141 2908 377 2963 systema.
449 2896 650 2944 Nullam
704 2897 835 2944 idem
874 2907 988 2945 ante
1020 2915 1073 2946 se
1109 2907 1360 2962 repertam
1397 2899 1753 2962 cognitiOnem,
1796 2899 1860 2945 ad
1902 2915 2050 2961 quam
2095 2898 2260 2945 aditus
2294 2899 2512 2960 patebat,
2557 2916 2673 2947 con-

139 2983 415 3042 temnebat,
448 2990 597 3044 atque
634 2981 1001 3045 philosophiam
1037 2974 1316 3032 naturalem
1353 2990 1469 3031 ante
1494 2980 1753 3030 Socratem
1780 2965 1895 3030 cum
1921 2982 2083 3030 ethice
2108 2981 2364 3030 Socratica
2398 2983 2674 3047 conjunxit,

140 3068 281 3132 isque
344 3067 536 3131 primus
596 3064 1010 3130 philosophorum
1075 3085 1370 3133 graecorum
1434 3084 1539 3115 non
1599 3066 1762 3115 solum
1815 3074 2023 3116 cunctos
2078 3057 2422 3116 antecessores
2474 3069 2673 3132 penitus

140 3152 384 3218 cognovit
415 3160 465 3199 et
500 3151 560 3200 iis
597 3167 717 3199 usus
756 3160 844 3211 est,
893 3169 1066 3200 verum
1105 3153 1256 3202 etiam
1292 3151 1538 3217 principia
1573 3167 1747 3200 eorum
1792 3152 2045 3216 supplevit
2090 3159 2140 3200 et
2180 3150 2343 3200 adhuc
2386 3150 2673 3204 inordinata

139 3237 318 3286 altiore
356 3236 547 3285 unitate
585 3235 981 3299 comprehendit,
1018 3254 1120 3285 non
1158 3237 1354 3286 servilis
1391 3236 1433 3284 is
1469 3236 1669 3300 quidem
1705 3237 1926 3285 imitator
1960 3244 2046 3285 aut
2068 3236 2382 3285 inconsultus
2408 3237 2673 3292 eclecticus

140 3322 230 3371 sed
267 3321 564 3386 composite,
607 3319 840 3368 distincte
878 3338 1111 3386 nexuque
1149 3320 1471 3387 systematico
1516 3327 1573 3368 ut
1606 3337 1689 3369 res
1725 3321 1823 3368 alia
1855 3337 1919 3368 ex
1956 3321 2051 3368 alia
2088 3328 2203 3385 apta
2246 3327 2295 3367 et
2331 3337 2506 3370 omnes
2540 3323 2673 3372 inter

139 3422 195 3453 se
232 3386 496 3469 colligatae
532 3402 811 3451 videantur.
