2825 3722
0 2916 2 2968 l

0 3562 4 3644 1

1307 95 1309 99 '
1337 85 1364 131 7

88 249 318 308 oportet
315 240 624 305 ζώω-1111116,
654 254 812 303 qaum
847 237 1050 302 sapiens
1069 236 1149 287 sit
1177 241 1235 286 et
1268 234 1362 286 toti
1389 232 1558 282 animo
1584 230 1862 295 provideat,
1893 229 1987 279 scd
2007 231 2229 280 animum
2258 232 2333 295 (va
2358 226 2622 297 Sumendbc)

86 325 328 392 rationali
362 341 538 390 parere
574 331 722 389 atque
750 323 866 387 ejus
902 338 1022 374 esse
1040 309 1256 372 socium.
1307 316 1363 367 si
1390 315 1570 367 ambae
1601 320 1772 380 partes
1796 324 1914 365 sunt
1935 315 2210 366 nobiliores
2234 324 2619 376 consentaneae,

13 433 16 438 ¹
88 417 338 476 praesunt
369 410 499 477 parti
533 409 711 460 tertiae
747 407 899 458 animi
934 413 1115 456 natura
1147 419 1243 454 sua
1271 401 1496 453 mxime
1533 400 1784 465 inquietae
1832 408 1882 448 et
1926 401 2008 448 im
2011 400 2217 465 xplebili
2263 402 2361 473 (τῷ
2395 403 2622 468 ἐπιθυμη-

88 498 244 569 τικᾷ)
312 493 547 546 Pambus
579 494 678 545 illis
713 490 1092 544 dominantibus
1122 485 1410 536 canendam
1454 493 1545 545 est,
1596 501 1662 533 ne
1709 484 1955 550 cupiditas
2006 484 2297 534 libidinibus
2342 485 2490 535 nimis
2534 486 2621 533 im-

88 580 228 644 pieta
279 579 428 632 latins
477 586 672 637 manet,
725 569 1068 640 majoremque
1126 570 1446 622 nanciscatur
1509 571 1799 634 potentiam.
1896 568 2075 620 Partes
2130 577 2295 619 sutem
2349 571 2622 619 nobiliores

93 663 285 731 optimc
318 663 475 716 totius
511 660 736 727 corporis
770 666 825 711 ct
859 658 1030 710 animi.
1065 670 1236 705 cairam
1283 651 1578 719 suscipient,
1633 654 1788 703 altera
1834 655 2118 714 consulens,
2172 655 2330 702 altera
2382 655 2622 702 obediens

93 756 147 802 et
175 750 467 801 consultum
502 761 763 812 peragens.
833 744 999 794 Fortis
1033 743 1186 804 igitur
1220 738 1431 788 vocatur
1466 741 1619 787 homo
1664 750 1871 805 propter
1918 759 2027 788 eam
2067 740 2225 788 animi
2266 749 2460 804 partem
2496 758 2623 804 quae

91 833 148 888 τὶ
183 827 421 903 θυμοειδές·
465 830 761 897 appellatur,
816 824 1094 882 dummodo
1129 824 1268 884 illud,
1321 823 1455 887 quod
1491 826 1619 872 ratio
1651 834 1738 872 aut
1771 824 2048 872 timendum
2085 824 2171 872 aut
2205 841 2307 872 non
2343 824 2622 872 timendum

92 934 206 972 esso
236 917 407 976 docet,
469 932 561 979 per
597 915 908 977 voluptatem
947 926 1111 973 aeque
1165 926 1222 958 ac
1276 926 1366 973 per
1394 909 1641 957 ‘taedium
1693 909 1944 958 defendat.
2030 908 2242 973 Sapiens
2294 927 2417 958 vero
2469 910 2621 958 homo

90 1002 383 1054 nominatur
417 1006 625 1064 propter
659 1003 855 1060 partem
890 994 1042 1054 illam,
1077 1009 1205 1057 quae
1236 993 1287 1043 in
1323 1010 1385 1043 eo
1423 992 1709 1042 dominatur
1747 1003 1797 1041 et
1819 993 1883 1041 de
1907 993 2132 1043 timendo
2159 1002 2370 1043 autnon
2396 994 2622 1043 timendo

92 1084 334 1146 decernit,
371 1100 525 1151 quum
557 1080 818 1136 scientiam
843 1079 1043 1141 habeat,
1081 1077 1216 1143 quod
1240 1084 1288 1128 et
1315 1078 1563 1126 universis
1600 1085 1650 1126 et
1686 1077 1893 1144 singulis
1919 1078 2143 1143 partibus
2168 1083 2339 1144 prosit.
2392 1078 2623 1127 Prudens

91 1169 307 1234 denique
358 1173 678 1232 ,nuncupatur
726 1166 885 1215 homo
938 1172 1145 1227 propter
1196 1162 1466 1210 amicitiam
1516 1171 1570 1209 et
1623 1179 1926 1210 consensum
1979 1164 2157 1210 harum
2200 1166 2350 1211 trium
2392 1166 2623 1227 partium,

91 1253 338 1317 siquidem
373 1269 555 1317 regens
593 1258 644 1299 et
677 1258 817 1299 recta
851 1248 1186 1310 consentiunt,
1221 1246 1454 1295 rationali
1491 1246 1870 1295 concedendum
1909 1265 2018 1295 esse
2053 1248 2330 1311 imperium.

317 1383 410 1434 His
453 1390 623 1432 tamen
674 1381 725 1429 in
772 1379 1190 1445 explicationibus
1233 1378 1650 1444 inconsequentia
1697 1379 1941 1445 quaedam
1992 1379 2135 1426 inest.
2229 1378 2367 1441 Quae
2422 1380 2622 1443 quidem

93 1468 512 1539 inconsequentia
553 1482 613 1513 eo
658 1473 770 1512 orta
822 1465 1035 1524 videtur,
1090 1464 1223 1527 quod
1276 1465 1580 1530 reipublicae
1622 1465 2008 1531 tripartitionem
2052 1465 2102 1512 in
2138 1473 2241 1513 tres
2278 1465 2480 1513 ordines
2517 1483 2625 1528 par-

3 1547 6 1550 ·
91 1555 259 1605 titioni
293 1553 492 1601 virtutis
529 1551 776 1615 aequavit.
845 1550 903 1597 In
937 1568 991 1597 re
1030 1551 1230 1615 publica
1261 1550 1460 1613 quidem
1500 1549 1741 1598 habemus
1777 1559 1879 1599 tres
1925 1550 2150 1609 virtutes,
2204 1549 2448 1613 siquidem
2500 1549 2623 1605 haec

2 1694 5 1697 Δ
90 1639 251 1689 virtus
291 1645 389 1696 est,
438 1644 495 1685 ut
538 1652 684 1684 suum
729 1634 938 1699 quisque
986 1642 1288 1699 exsequatur
1339 1651 1532 1684 munus.
1601 1619 1779 1683 Omnis
1827 1635 2017 1684 scilicet
2065 1633 2255 1684 ordinis
2292 1645 2342 1683 et
2379 1636 2619 1703 quusque

93 1723 315 1772 hominis
349 1728 532 1771 natura
566 1721 637 1770 sic
673 1727 750 1768 est
786 1727 1088 1784 comparata,
1125 1727 1179 1770 ut
1215 1719 1437 1768 omnium
1476 1720 1626 1767 animi
1664 1720 1917 1768 actionum
1945 1712 2164 1785 'compos
2203 1722 2280 1783 sit,
2318 1722 2387 1769 ita
2422 1721 2623 1785 quidem

91 1817 149 1856 ut
178 1807 229 1855 in
263 1811 460 1872 quoq'ue
491 1805 666 1854 ordine
696 1821 799 1852 una
824 1805 975 1852 animi
1002 1821 1116 1868 pars
1143 1805 1431 1868 praevaleat
1462 1812 1512 1851 et
1539 1821 1689 1868 quum
1721 1805 1950 1852 educatio
1981 1813 2032 1852 et
2066 1806 2312 1853 institutio
2340 1807 2443 1853 vim
2472 1823 2623 1870 quan·

91 1891 208 1938 dam
238 1891 460 1938 habeant
494 1891 546 1937 in
585 1890 737 1937 animi
767 1890 1005 1946 actiones,
1043 1889 1192 1936 trium
1224 1890 1375 1935 animi
1411 1890 1627 1954 partium
1659 1890 1789 1936 inter
1827 1907 1880 1937 se
1913 1891 2114 1938 habitus
2142 1907 2246 1950 non
2274 1892 2338 1939 sit
2368 1898 2622 1950 constans,

91 1977 181 2025 sed
201 1977 425 2025 culturae
446 1992 619 2039 capax.
664 1973 720 2022 In
740 1982 916 2022 nostra
932 1991 1053 2022 vero
1074 1973 1366 2041 quaestione
1387 1973 1600 2022 similem
1633 1974 1953 2038 partitionem
1981 1974 2287 2024 constituere
2317 1992 2420 2023 non
2451 1991 2623 2042 possu—

90 2078 218 2121 mus,
246 2063 363 2124 quia
387 2042 481 2110 nos
506 2078 609 2109 non
636 2060 699 2108 de
724 2059 878 2107 totius
904 2059 1054 2107 animi
1080 2059 1335 2107 functione
1362 2043 1572 2123 agimus,
1613 2058 1701 2108 sed
1727 2058 1788 2107 de
1813 2059 2106 2108 muneribus
2132 2060 2442 2126 singulorum
2472 2060 2624 2109 animi

90 2145 324 2211 partium.
395 2143 514 2193 Sine
550 2144 704 2192 dubio
740 2141 886 2191 Plato
921 2143 1179 2192 notionem
1217 2143 1360 2190 verbi
1396 2159 1575 2202 „suum
1614 2160 1862 2207 quemque
1887 2143 2085 2191 facere“
2121 2161 2225 2193 non
2256 2144 2375 2193 satis
2399 2145 2624 2209 praecise

91 2230 488 2296 comprehendit.
558 2228 832 2294 Cupiditas,
887 2237 942 2274 ut
979 2228 1045 2275 ait
1081 2227 1225 2274 Plato
1273 2228 1475 2287 diserte,
1529 2230 1866 2292 possessionis
1904 2229 2315 2293 appetentissima
2350 2241 2448 2287 est;
2502 2229 2626 2277 nihil

91 2310 319 2362 continet
349 2323 604 2373 coercens,
638 2341 704 2349 —
740 2322 791 2360 et
826 2331 924 2376 quo
962 2312 1167 2364 tandem
1202 2312 1357 2360 modo
1395 2313 1661 2377 singularis
1698 2314 1849 2364 animi
1885 2331 2017 2378 parS,
2054 2332 2179 2378 quae
2215 2315 2434 2363 universi
2473 2315 2627 2363 animi

90 2399 338 2448 functioni
374 2415 476 2447 non
513 2383 698 2447 idonea
734 2406 823 2457 est,
878 2396 966 2446 sed
1019 2397 1181 2446 solum
1235 2405 1291 2446 ut
1344 2414 1453 2445 eam
1501 2414 1812 2466 componens
1857 2397 1963 2447 sive
2005 2398 2166 2447 factor
2202 2399 2397 2463 quidam
2439 2399 2625 2463 aliquid

89 2482 241 2544 valet,
296 2482 463 2531 subito
517 2481 580 2530 ad
633 2482 710 2531 sui
763 2482 1025 2547 imperium
1080 2481 1376 2547 perveniat?
1448 2480 1706 2548 Cupiditas
1758 2483 1896 2530 nulla
1947 2499 2001 2530 re
2056 2484 2274 2531 coerceri
2316 2494 2485 2550 potest
2527 2484 2624 2532 nisi

91 2566 372 2634 prudentia.
442 2565 568 2615 Item
604 2564 749 2614 Plato
787 2567 1001 2614 animosi
1037 2569 1142 2630 (τοῦ
1174 2563 1466 2637 θυμοειδοῦς)
1516 2567 1636 2616 dicit
1671 2568 1771 2616 vim
1810 2575 1989 2616 natura
2023 2568 2320 2616 indomitam
2359 2577 2409 2616 et
2447 2585 2626 2617 excan-

88 2653 405 2702 descentiam
457 2651 699 2700 adversus
754 2652 986 2716 injuriam
1040 2652 1137 2701 sibi
1190 2653 1381 2701 illatam
1424 2654 1532 2701 sola
1584 2654 1853 2718 temperari
1907 2653 2193 2717 prudentia,
2260 2683 2303 2689 —
2368 2654 2623 2718 quomodo

90 2739 243 2804 igitur
288 2753 441 2802 quum
487 2752 664 2795 „suum
706 2752 955 2801 quemque
991 2738 1190 2786 facere“
1236 2739 1363 2786 nihil
1401 2739 1536 2786 aliud
1572 2739 1636 2787 sit
1672 2756 1817 2801 quam
1855 2747 2085 2786 naturam
2123 2747 2174 2786 et
2207 2739 2430 2786 indolem
2469 2741 2624 2803 sequi,

87 2823 148 2885 111
197 2830 255 2871 111
303 2823 418 2870 illae
470 2822 663 2869 ratione
718 2822 961 2893 quadam,
1014 2839 1156 2885 quae⁴
1193 2824 1400 2872 minime
1454 2827 1504 2871 in
1556 2824 1777 2886 ipsarum
1829 2831 2009 2871 natura
2060 2823 2215 2883 inest,
2267 2842 2475 2873 munere
2529 2842 2621 2873 suo

36 2906 399 2981 fungantur?

315 3029 460 3078 Hanc
507 3028 808 3078 discordiam
852 3030 1062 3080 rationis
1094 3031 1369 3081 dividendi
1418 3039 1469 3081 et
1513 3038 1719 3079 naturae
1767 3029 1913 3079 divisi
1949 3002 2094 3079 Plato
2142 3030 2275 3078 haud
2322 3031 2474 3079 dubie
2513 3032 2620 3097 ipse

36 3156 48 3168 .
91 3115 446 3173 animadvertit
484 3123 535 3164 et
567 3116 745 3164 tollere
783 3124 993 3166 conatus
1030 3125 1107 3167 est
1139 3118 1307 3183 posita
1341 3127 1517 3183 quarta
1551 3119 1749 3177 virtute,
1789 3117 1995 3181 justitia.
2072 3115 2193 3182 Ejus
2242 3118 2462 3167 essentia
2504 3136 2620 3167 con·

91 3201 231 3249 sistit
242 3201 306 3249 111
336 3201 482 3250 'modi
511 3201 734 3262 notione,
770 3220 896 3266 quae
934 3211 1010 3251 est
1043 3205 1357 3267 praeclarum
1394 3205 1581 3253 ethices
1623 3202 1912 3251 Platonicae
1947 3202 2345 3252 fundamentum.
2416 3189 2622 3253 Justitia

90 3287 257 3348 efficit,
293 3295 350 3336 ut
384 3306 609 3353 quaeque
651 3306 768 3353 pars
816 3306 959 3338 suum
1002 3307 1185 3339 munus
1232 3309 1366 3339 11011
1380 3291 1540 3340 solum
1589 3296 1806 3354 peragat,
1862 3287 1950 3337 sed
1985 3288 2134 3338 etiam
2189 3287 2343 3338 bene
2396 3297 2617 3354 peragat.

88 3370 147 3422 In
176 3370 372 3438 justitia
406 3388 527 3439 ergo
546 3374 808 3449 ¹rationale
846 3374 923 3440 (τό
956 3374 1212 3445 φρόνιμον),
1262 3374 1508 3442 cupiditas
1544 3376 1618 3441 (το
1654 3373 2004 3441 ἐπιθυμητικόν)
2019 3412 2030 3438 ,
2085 3375 2364 3424 animosum
2408 3374 2491 3439 (το
2535 3376 2617 3429 θυ-

90 3452 284 3526 μοειδές)
321 3456 562 3507 modum
597 3459 875 3522 inveniunt,
912 3461 982 3509 ita
1017 3467 1072 3509 ut
1101 3461 1309 3526 justitia,
1345 3462 1395 3510 in
1432 3478 1486 3509 re
1523 3461 1719 3525 publica
1753 3459 1877 3506 nihil
1916 3461 2137 3508 efficiens
2162 3460 2257 3506 nisi
2293 3460 2614 3507 concordiam
