2825 3722
1372 70 1401 113 5

353 218 601 284 Sophistis
625 218 822 268 suffecit
845 219 1055 267 aliorum
1081 218 1345 282 opiniones
1369 217 1614 276 refellere,
1645 231 1798 279 quare
1834 232 1894 262 eo
1931 231 2087 279 usque
2111 224 2308 277 recepta
2338 214 2465 263 adeo
2491 213 2655 262 reddi·

131 306 314 359 derunt
347 304 504 353 dubia
541 313 595 352 ut
636 303 761 352 nihil
806 303 1019 367 amplius
1061 301 1430 366 scepticismum
1470 317 1643 348 eorum
1681 300 1901 364 effugere
1943 315 2094 363 posse
2129 299 2407 355 videretur;
2457 298 2653 347 Socrati

129 398 295 438 autem
332 405 529 438 summa
561 387 715 437 modo
750 387 967 452 positiva
1002 388 1122 436 satis
1154 395 1276 448 erat,
1313 387 1495 449 quippe
1533 400 1597 432 ex
1643 383 1979 448 imperspicuo
2023 393 2071 431 et
2107 384 2297 431 incerto
2333 383 2652 449 cogitationis

126 474 387 532 notionem
440 472 688 523 deducere
742 472 913 522 voluit.
965 492 975 502 *
1006 471 1150 521 Plato
1206 479 1401 530 autem,
1459 485 1608 533 quam
1658 469 1998 517 necessarium
2055 476 2211 528 esset,
2257 478 2314 516 ut
2359 469 2651 533 gravissima

129 558 446 623 problemata
480 556 828 622 philosophiae
861 557 1192 614 solverentur,
1227 554 1513 617 intelligens
1551 568 1700 599 omne
1738 568 1882 599 suum
1915 552 2170 615 ingenium
2207 553 2259 598 in
2293 570 2351 599 eo
2378 556 2654 601 consumsit

55 688 61 699 ,
127 651 184 691 ut
217 643 268 690 in
305 642 562 690 dialectice
599 659 734 690 nova
770 641 984 705 quadam
1028 640 1291 702 disciplina
1334 638 1571 685 notiones
1606 636 1901 698 principales
1940 644 1989 684 et
2019 636 2263 700 principia
2299 638 2461 685 omnis
2498 638 2652 700 philo-

128 726 335 790 sophiae
372 726 715 795 constitueret,
765 733 869 773 tum
915 732 1081 772 autem
1129 721 1193 770 ad
1229 710 1569 770 methodica'm
1617 719 2001 784 organicamque
2050 737 2346 784 progressus
2388 730 2462 768 est
2499 722 2653 768 scien·

124 812 260 862 tiam.
330 809 399 858 Ut.
449 809 594 859 Plato
649 810 856 857 omnino
908 809 960 855 in
1013 805 1333 870 philosophia
1386 822 1416 852 a
1458 801 1663 851 Socrate
1708 804 1961 867 profectus
2015 812 2115 865 est,
2168 805 2237 852 ita
2288 805 2339 853 in
2393 803 2654 869 disciplina

125 910 323 959 quoque
365 894 543 955 ethica,
585 894 725 958 cujus
767 892 830 940 de
873 891 1150 940 mutatione
1194 905 1353 955 paene
1397 888 1529 936 idem
1556 887 1689 952 quod
1726 887 1787 936 de
1818 890 2093 937 mutatione
2118 890 2273 937 totius
2303 889 2652 954 philosophiae

127 977 397 1028 dicendum
450 986 539 1026 est.
625 976 707 1024 Ad
763 976 1092 1040 posteriorem
1147 974 1436 1039 systematis
1491 973 1639 1019 ethici
1700 974 2084 1037 explicationem
2146 975 2305 1021 nostri
2366 974 2654 1037 philosophi

126 1062 527 1128 anthropologia,
563 1061 920 1125 metaphysice,
954 1053 1067 1106 'imo
1112 1060 1261 1106 etiam
1298 1057 1506 1122 physice
1544 1058 1752 1104 multum
1790 1058 2038 1122 valebant.
2125 1057 2482 1105 Phaenomena
2519 1060 2651 1106 enim

126 1148 374 1195 naturalia
408 1148 478 1195 ita
516 1148 570 1195 ei
595 1146 831 1194 videntur
866 1144 1159 1207 composita,
1198 1151 1253 1190 ut
1289 1142 1426 1190 bono
1463 1142 1752 1200 inserviant,
1788 1150 1936 1205 atque
1975 1142 2197 1190 subsidia
2234 1143 2277 1190 ei
2306 1151 2436 1203 sunt,
2472 1144 2652 1206 quibus

124 1247 311 1278 numen
365 1230 429 1277 ad
452 1277 456 1283 ,
477 1245 727 1278 summum
775 1229 966 1276 bonum
1013 1226 1330 1274 efficiendum
1385 1227 1560 1284 utitur;
1620 1226 1879 1273 hominum
1924 1227 2147 1274 actiones
2183 1227 2321 1274 velut
2363 1227 2653 1274 continuata

126 1313 349 1361 universi
384 1313 632 1361 institutio
670 1320 929 1376 apparent,
983 1327 1042 1368 ea
1079 1311 1210 1357 enim
1243 1309 1417 1356 mundi
1455 1325 1585 1373 pars,
1638 1325 1762 1373 quae
1800 1325 1986 1374 genera
2021 1310 2251 1356 mortalia
2294 1311 2655 1372 complectitur,

125 1397 415 1445 hominibus
452 1405 528 1444 est
563 1395 747 1444 tradita
789 1396 870 1458 qui
915 1411 1026 1442 eam
1052 1394 1320 1442 excolant.
1402 1393 1722 1441 Idealismum
1775 1395 1913 1441 illum
1968 1395 2286 1454 eminentem,
2340 1411 2436 1457 quo
2493 1395 2653 1442 ethice

124 1479 388 1529 Platonica
423 1480 621 1545 egregie
658 1487 862 1544 superat
897 1477 1226 1538 Socraticam,
1284 1478 1511 1525 excultae
1562 1477 1817 1525 doctrinae
1855 1477 1916 1525 de
1954 1477 2078 1526 ideis
2114 1477 2265 1526 debet
2299 1488 2443 1543 atque
2482 1478 2653 1526 defini-

122 1548 329 1614 tionem-³
374 1565 733 1614 accuratiorem
792 1553 1048 1628 magisfflie
1108 1563 1414 1628 praecisam,
1472 1579 1597 1626 quae
1647 1563 1913 1610 virtutibus
1952 1563 2181 1627 vitaeque
2228 1564 2359 1612 civili
2395 1565 2654 1629 contingit,

126 1649 356 1698 excultae
394 1648 807 1715 anthropologiae
845 1656 1103 1714 acceptum
1140 1649 1306 1696 refert.

350 1780 467 1830 ‹Jam
520 1782 632 1830 loco
659 1781 913 1833 .Platonis
968 1780 1275 1830 exadversus
1329 1780 1658 1845 philosophos
1713 1781 2019 1844 superiores,
2075 1789 2220 1844 atque
2258 1789 2408 1843 {statu
2462 1781 2652 1831 ethices

122 1864 413 1913 Platonicae
456 1867 731 1930 generatim
780 1867 1011 1929 exposito
1056 1882 1149 1913 nos
1196 1863 1258 1912 ad
1305 1866 1464 1928 ipsam
1508 1865 1703 1912 virtutis
1750 1864 2028 1911 doctrinam
2079 1874 2432 1913 convertentes
2481 1868 2649 1914 statim

123 1950 212 2012 (ob
247 1966 437 1997 nexum
472 1966 586 1996 cum
623 1950 802 1997 ceteris
838 1950 1133 2013 disciplinis)
1187 1950 1405 2012 paullum
1454 1948 1646 2010 digredi
1693 1957 1742 1995 et
1782 1948 2063 1995 doctrinam
2100 1947 2326 1996 Platonis
2369 1949 2432 1996 de
2481 1952 2649 1998 animo

124 2034 331 2096 ejusque
368 2034 632 2095 partitione
671 2034 919 2095 explicare
957 2033 1211 2080 debemus.
1258 2032 1275 2039 ⁶

321 2152 646 2220 ‘Animorum
684 2152 1017 2200 humanorum
1055 2153 1194 2217 origo
1232 2153 1435 2199 minime
1481 2153 1611 2198 intra
1658 2151 1804 2214 hujus
1850 2151 2025 2199 mundi
2074 2162 2123 2199 et
2159 2154 2292 2200 vitae
2330 2154 2470 2201 initia
2506 2171 2652 2217 quae-

116 2236 281 2297 ‚renda
319 2244 416 2296 est,
470 2236 561 2299 (cf.
608 2235 669 2284 de
716 2236 809 2284 hac
854 2253 908 2285 re
957 2237 1112 2285 libros
1157 2236 1508 2285 celeberrimos
1553 2234 1746 2297 Ritteri,
1783 2234 1979 2297 Zelleri,
2016 2235 2363 2287 Tennemanni
2411 2239 2492 2302 qui
2537 2248 2654 2287 sunt

123 2319 185 2369 de
240 2319 353 2368 hist.
404 2318 552 2388 phil.)
601 2318 689 2368 sed
745 2328 861 2368 sunt
911 2320 982 2367 illi
1036 2335 1098 2367 ex
1152 2319 1326 2368 altiore
1371 2319 1585 2383 quodam
1634 2320 1888 2369 domicilio
1933 2320 1983 2368 in
2031 2315 2127 2368 hoc
2172 2337 2354 2385 corpus
2404 2323 2651 2384 translati,

122 2420 275 2468 quare
312 2404 542 2469 primitus
579 2403 728 2452 etiam
768 2404 830 2451 ad
869 2420 1051 2468 corpus
1087 2404 1273 2451 nullam
1310 2404 1556 2451 rationem
1592 2404 1781 2452 habent
1817 2405 2134 2453 essentialem
2162 2407 2288 2453 sicut
2315 2423 2430 2470 pars
2456 2423 2651 2471 quoque

123 2488 369 2537 sensualis
404 2488 537 2536 vitae
574 2488 841 2553 psychicae
874 2505 998 2551 quae
1036 2489 1086 2534 in
1125 2504 1333 2551 corpore
1377 2489 1611 2547 cernitur,
1662 2487 1725 2535 ad
1772 2490 2026 2553 propriam
2074 2491 2225 2536 animi
2270 2499 2500 2538 naturam
2547 2509 2652 2539 non

120 2573 351 2637 pertinet.
422 2571 592 2637 Itaque
628 2570 772 2620 Plato
812 2572 960 2619 animi
1010 2573 1059 2620 in
1098 2590 1277 2636 corpus
1322 2572 1549 2620 translati
1604 2580 1719 2619 ante
1771 2574 1941 2620 omnia
1996 2573 2122 2621 duas
2174 2574 2413 2622 discernit
2467 2584 2651 2640 partes,

120 2657 417 2709 rationalem
471 2657 555 2721 (τό
592 2657 830 2727 φρόνιμον)
887 2666 937 2706 et
988 2658 1324 2706 irrationalem
1375 2658 1457 2722 (τὸ
1494 2655 1685 2725 ἄφρον).
1769 2656 1893 2706 Pars
1944 2659 2204 2708 rationalis
2253 2661 2458 2725 (mens)
2504 2662 2652 2710 unius

121 2749 199 2791 est
250 2742 463 2808 generis,
517 2757 611 2790 nec
664 2749 833 2807 potest
868 2742 1079 2807 amplius
1132 2741 1311 2800 dividi;
1365 2742 1667 2789 irrationalis
1724 2758 1846 2789 vero
1894 2744 1945 2790 in
2004 2744 2225 2792 nobilius
2278 2753 2327 2791 et
2379 2746 2649 2810 ignobilius

120 2826 380 2874 dimidium
418 2826 743 2874 dividendum
780 2835 868 2873 est.
938 2829 1099 2890 Atque
1136 2827 1220 2872 illa
1242 2826 1462 2888 ,quidem
1506 2842 1623 2889 pars
1670 2835 1746 2873 est
1792 2829 2035 2875 animus
2090 2830 2229 2891 (der
2263 2830 2489 2892 Muth),
2540 2831 2649 2893 ipse

121 2911 320 2974 quidem
355 2911 564 2959 rationis
602 2927 798 2973 expers,
853 2910 942 2958 sed
988 2911 1153 2958 socius
1192 2911 1298 2973 ejus
1340 2910 1606 2967 naturalis3
1667 2927 1785 2973 pars
1830 2912 2102 2975 ignobilior
2150 2920 2226 2961 est
2271 2913 2514 2977 cupiditas
2563 2915 2647 2977 (τὸ

119 2995 487 3062 ἐπιθυμητικόν).
546 2993 670 3044 Pars
704 2994 964 3043 rationalis
1010 3002 1086 3044 est
1131 3010 1274 3043 mens
1321 2993 1425 3043 sive
1469 2993 1722 3058 cogitatiO.
1794 2993 1957 3054 Quam
2004 2996 2341 3061 triplicitatem
2379 2996 2648 3062 diligenter

119 3080 578 3146 contemplantibus
629 3079 845 3145 primum
895 3079 1043 3128 nobis
1096 3077 1435 3144 quaerendum
1489 3086 1579 3140 est,
1639 3080 1896 3144 quomodo
1950 3081 2021 3131 sic
2075 3081 2239 3131 unitas
2293 3082 2445 3130 animi
2499 3090 2648 3132 antea

117 3166 284 3231 posita
333 3165 496 3230 possit
545 3171 787 3214 constare.
873 3162 984 3223 Qua
1028 3162 1091 3212 de
1137 3180 1191 3212 re
1237 3161 1380 3211 Plato
1437 3163 1506 3211 ait
1548 3164 1796 3213 rationem
1850 3167 1935 3232 (τὸ
1970 3166 2209 3235 φρόνιμον)
2265 3166 2513 3223 dominari
2567 3168 2645 3215 cui

118 3250 297 3298 ambae
333 3250 487 3298 animi
522 3257 689 3314 partes
724 3256 902 3297 natura
941 3249 1011 3296 ita
1053 3255 1370 3312 comparatae
1417 3248 1670 3297 obediant.
1740 3248 2010 3309 Quomodo
2057 3260 2224 3300 autem
2272 3251 2323 3299 id
2368 3253 2470 3310 fiat,
2519 3251 2643 3298 diffi-

119 3334 358 3402 cillimum
406 3342 484 3382 est
524 3333 809 3392 intellectu;
859 3349 957 3397 qua
999 3333 1204 3381 tandem
1247 3333 1442 3381 ratione
1485 3335 1647 3396 possit
1668 3397 1671 3399 -
1694 3336 1984 3398 gubernans
2032 3346 2082 3385 et
2118 3337 2449 3400 gubernatum
2486 3352 2644 3382 unum

117 3417 349 3481 idemque
394 3417 519 3476 fieri,
571 3417 704 3480 quod
747 3419 997 3482 posterius
1042 3417 1243 3480 propria
1288 3425 1467 3464 natura
1502 3433 1615 3465 cum
1656 3420 1810 3481 priori
1855 3437 2170 3484 nequaquam
2208 3435 2491 3468 connexum
2531 3420 2644 3466 est?

668 3488 696 3511 δ
