2825 3722
1390 89 1429 141 'ss

140 245 272 295 Num
309 246 418 293 sola
454 244 798 293 dominatione
836 253 983 309 atque
1020 245 1127 308 ejus
1164 243 1499 293 toleratione?
1567 241 1832 293 Rationale
1864 244 2214 307 praesumitur
2251 254 2359 292 nou
2392 243 2461 291 ub
2489 243 2676 291 ‘animo

141 332 198 393 (i.
220 348 260 379 e.
289 329 344 383 τὸ
369 325 635 398 θυμηδὲς)
659 336 745 378 aut
771 328 897 378 adeo
926 346 956 377 a
981 328 1255 393 cupiditate
1291 330 1342 392 (i.
1371 347 1417 378 e.
1442 330 1502 382 τδ·
1521 315 1878 395 {bubonum-mh)
1907 329 2043 392 ‘regit
2080 327 2168 392 (μή
2184 327 2350 392 «igitur
2366 321 2677 377 iunctum

144 415 331 463 horum
363 415 703 479 posterionum
739 413 889 462 cadat
921 430 953 461 a
987 414 1143 478 priori
1178 413 1457 477 (rationali)
1503 413 1640 479 regi?
1709 410 1864 462 Plato-
1893 411 2101 477 quidem
2130 419 2321 471 amae-
2351 410 2678 476 cupidiwtem

142 500 415 564 gubernari
451 516 483 547 a
515 500 717 547 ratione
754 499 966 547 somniis
1008 507 1060 547 et
1101 497 1565 564 imaginationibus&
1612 497 1705 546 sed
1756 511 1860 546 non
1913 508 2098 561 operae
2150 496 2366 561 pretium
2419 503 2499 544 est
2546 495 2680 545 hune

70 644 80 651 .
144 584 437 650 opinionem
474 583 719 630 ludicram
754 584 1005 647 persequ
1037 583 1332 646 praesertim
1376 595 1528 645 quum
1574 582 1706 629 nil-eil·
1747 577 1907 645 possit
1948 582 2185 628 consent-e:
2221 576 2289 628 md
2327 576 2676 644 quaestionem

143 676 372 721 nostram
405 666 727 727 solvendam3
761 665 1009 718 debemus
1032 666 1200 732 potius
1234 665 1478 728 confiteri,
1516 663 1653 717 illam
1678 656 2000 732 partitionem
2024 677 2131 715 non(
2153 677 2270 716 esse
2289 663 2676 731 organicum-5

146 755 390 819 qnwiam
448 770 561 801 eam
620 760 887 819 sequentes
945 751 1227 815 perspicere
1287 739 1577 814 nequimus,
1648 749 1904 814 quomedo
1963 750 2129 798 unit-as
2188 750 2337 798 simul
2393 748 2679 808 multitud&

129 839 420 889 ·mu1titudo
458 855 584 887 vero·
617 837 766 886 simul
800 836 965 885 unitas
1004 851 1112 885 esse
1149 836 1318 899 possit.
1388 834 1527 883 Haec
1562 834 1764 899 quidem
1799 833 2167 900 praemittenda
2202 842 2359 895 erant,
2405 834 2522 900 quia
2555 832 2681 882 rififl

146 923 299 986 hujus
342 923 623 988 partitionis
666 923 716 968 in
766 921 993 968 doctrina
1037 920 1098 967 de
1142 921 1325 968 virtu'te
1374 927 1425 967 et
1466 919 1769 983 specialiter.
1790 920 1843 966 in
1870 918 2138 966 -divisione
2172 920 2413 967 virtutum
2449 918 2683 982 pretinm

150 1022 447 1070 conspicies.

377 1110 552 1158 Virtus
588 1109 785 1155 Platoni
829 1109 912 1154 illa
947 1116 1023 1154 est
1056 1108 1172 1166 vie,
1219 1124 1315 1170 qua
1351 1107 1515 1154 omnis
1560 1121 1643 1154 res
1678 1119 1824 1154 suum
1859 1120 2041 1154 munus
2078 1105 2207 1154 bene
2243 1105 2558 1171 persequitur
2594 1098 2679 1168 (σί

149 1193 276 1242 Plat.
317 1193 394 1241 de.
432 1206 535 1257 rep.
582 1194 660 1245 καὶ
698 1191 781 1255 μῆν
819 1188 889 1243 ἔτι
932 1214 990 1253 ’γε
1026 1191 1077 1243 ro*
1121 1193 1188 1243 τοὶ
1232 1190 1380 1244 αὐτοῦ
1434 1189 1667 1258 πράττειν
1720 1190 1800 1243 ml
1853 1188 1915 1256 μὴ
1965 1197 2371 1258 πολυπραγμονῶ
2424 1184 2675 1248 ἓικοιιοσῦνη

152 1277 204 1342 [i.
243 1293 283 1326 e.
321 1285 374 1326 ut
412 1285 588 1341 postea
623 1274 919 1339 probabitur
956 1274 1161 1322 omnino
1200 1273 1378 1339 virtus]
1417 1274 1549 1327 ἐστίν.
1586 1272 1671 1322 lib.
1708 1269 1796 1322 lv.
1833 1286 1877 1338 ρ’.
1915 1271 2028 1323 433.
2064 1269 2143 1338 Β.)

379 1375 677 1428 Considerat
727 1376 961 1425 virtutem
1013 1384 1062 1424 et
1104 1374 1357 1442 quomodo
1405 1376 1456 1425 in
1501 1372 1789 1426 hominibus
1837 1370 2046 1442 singulis
2090 1378 2432 1426 conformetur
2478 1384 2527 1424 et
2562 1393 2682 1440 quo-

152 1464 306 1513 modo
365 1465 413 1511 in
475 1462 734 1510 hominum
793 1461 1030 1510 societate
1085 1461 1163 1527 (in
1220 1460 1507 1527 republica)
1562 1461 1626 1509 ad
1679 1477 1998 1509 communem
2052 1458 2393 1510 evolutionem
2445 1455 2682 1528 progredi

152 1550 342 1597 debeat.
412 1548 529 1595 Jam
566 1549 607 1594 si
644 1548 881 1595 virtutem
915 1549 965 1594 in
1002 1548 1290 1595 hominibus
1327 1548 1535 1611 singulis
1572 1548 1856 1614 intuemQ
1885 1540 2149 1595 Platonem
2195 1545 2471 1611 reperimus
2509 1564 2682 1594 secun·

152 1631 269 1682 dum
319 1629 664 1680 definitionem
711 1633 908 1680 virtutis
953 1632 1105 1679 modo
1152 1640 1479 1680 memoratam
1526 1623 1739 1696 amplius
1787 1627 2097 1692 ratiocinari,
2151 1650 2333 1681 munus
2380 1632 2532 1680 animi
2569 1648 2680 1680 esse

153 1720 323 1779 vitam,
370 1734 490 1782 ergo
528 1717 766 1765 virtutem
802 1717 952 1765 animi
992 1734 1100 1765 esse
1148 1718 1276 1765 bene
1330 1718 1515 1765 vivere.
1604 1712 1824 1766 Proinde
1883 1717 2042 1766 virtus
2095 1716 2217 1765 nihil
2269 1725 2345 1765 est
2398 1716 2531 1765 aliud
2584 1717 2682 1765 nisi

149 1792 298 1852 recta'
339 1803 552 1867 qualitas
606 1818 695 1850 seu
750 1802 1011 1849 harmonia
1059 1801 1284 1864 animi‘).
1370 1800 1714 1849 Praesumitur
1767 1801 1909 1850 omni
1956 1793 2157 1857 bomini,
2208 1801 2431 1849 indolem
2484 1801 2683 1850 virtutis

150 1889 374 1936 nativam
422 1887 630 1934 inditam
670 1902 793 1945 esse,
831 1896 957 1948 quae
993 1894 1165 1932 tamen
1193 1885 1390 1933 indoles
1426 1887 1662 1950 qualitate
1701 1886 1834 1950 apud
1870 1886 2094 1951 singulos
2133 1885 2332 1933 differat
2366 1885 2684 1949 pendeatque

152 1992 178 2022 e
216 1974 461 2020 relatione
500 1986 624 2036 quae
661 1972 790 2018 inter
825 1978 927 2018 tres
964 1971 1114 2017 animi
1152 1978 1319 2034 partes
1355 1971 1656 2028 intercedat3
1711 1970 1916 2018 indoles
1953 1971 2151 2018 virtutis
2199 1987 2323 2035 ergo
2356 1971 2557 2019 diversa
2592 1979 2683 2031 est,

150 2067 300 2123 prout
358 2065 443 2104 aut
492 2057 734 2120 cupiditas
789 2064 874 2102 aut
928 2056 1123 2126 animuzs
1177 2056 1257 2114 (τὲ
1293 2051 1562 2122 θυμοειδές)
1610 2063 1696 2103 aut
1738 2056 1865 2103 ratio
1912 2073 1973 2102 ea
2015 2072 2130 2119 pars
2176 2064 2265 2114 est,
2313 2072 2410 2119 qua
2452 2056 2689 2104 stimulus

153 2134 349 2192 ethicus
386 2142 744 2210 manifestatur.
816 2140 855 2187 Ii
892 2140 1122 2188 homines
1159 2140 1209 2187 in
1247 2139 1475 2188 ordinem
1515 2140 1740 2188 infimum
1778 2141 2076 2201 referuntur,
2121 2140 2171 2188 in
2215 2140 2394 2205 quibus
2437 2140 2683 2206 cupiditas

152 2227 434 2293 praevalet,
488 2226 539 2274 in
593 2225 866 2274 secundum
918 2226 986 2273 illi
1044 2226 1125 2289 qui
1178 2225 1389 2274 animosi
1446 2234 1581 2285 sunt,
1638 2226 1686 2273 in
1750 2226 1952 2274 tertium
2007 2226 2093 2290 qui
2143 2226 2294 2274 studii
2347 2226 2682 2291 philosophici

155 2313 556 2377 cogitatione
605 2319 861 2374 compotes
909 2319 1039 2358 sunt.
1110 2310 1348 2371 Qui-tres
1394 2311 1595 2358 ordines
1643 2328 1764 2358 sane
1812 2312 1876 2357 ad
1911 2312 2142 2358 homines
2178 2310 2403 2375 singulos
2440 2320 2683 2374 spectant,

154 2395 372 2444 vicissim
411 2405 582 2443 tamen
620 2394 765 2442 simul
802 2412 1120 2443 communem
1157 2395 1354 2443 virtutis
1391 2395 1732 2444 evolutionem
1770 2396 1820 2443 in
1857 2396 2114 2459 republica
2149 2395 2413 2459 attingunt.
2484 2394 2685 2444 Indoles

153 2481 326 2529 nativa
381 2479 443 2528 ad
498 2479 732 2547 virtutem
787 2478 1118 2529 excolendam
1172 2475 1366 2544 vulgari
1419 2477 1573 2528 modo
1628 2478 1912 2543 acquiritur,
1966 2478 2055 2529 sed
2105 2497 2209 2529 non
2263 2478 2537 2544 perpolitur
2588 2480 2685 2530 nisi

155 2564 467 2625 eruditione,
537 2564 694 2612 literis
748 2573 796 2612 et
850 2555 1179 2628 philosophia.
1272 2561 1336 2613 Ut
1380 2563 1484 2630 jam
1539 2565 1589 2613 in
1643 2563 1882 2631 gradibus
1938 2563 2121 2614 indolis
2176 2563 2368 2614 ethicae
2422 2565 2569 2615 nobis
2621 2565 2686 2615 ad

155 2646 455 2697 divisionem
504 2647 914 2715 psychologicam
962 2650 1320 2698 recurrendum
1369 2658 1489 2710 erat,
1544 2650 1613 2698 sic
1662 2650 1821 2698 multo
1869 2651 2027 2716 magis
2064 2651 2114 2699 in
2160 2650 2426 2716 partitione
2474 2652 2687 2702 virtutis.

155 2729 382 2782 Platonis
435 2734 487 2782 in
543 2750 602 2781 ea
649 2741 839 2799 perstat
895 2734 1142 2782 sententia
1177 2750 1300 2800 quae
1339 2732 1560 2782 Socratis
1607 2742 1723 2799 erat*
1757 2735 2005 2801 primitus,
2058 2751 2232 2783 unam
2287 2751 2396 2783 esse
2449 2728 2698 2785 virtutem⁴

154 2826 350 2867 ceteras
405 2819 838 2883 complectentem,
892 2818 981 2867 sed
1032 2819 1200 2884 adjicit
1243 2836 1358 2869 cum
1403 2820 1594 2869 unitate
1639 2819 1837 2870 virtutis
1881 2819 2254 2870 multitudinem
2295 2820 2536 2869 virtutum
2571 2839 2689 2873 con-

155 2915 288 2953 stare
327 2921 491 2968 posse.
563 2903 823 2961 Quaenam
860 2913 1038 2952 autem.
1064 2913 1140 2953 est
1175 2920 1353 2954 caussa
1388 2904 1703 2969 partitionis?
1773 2903 1928 2953 Recte
1964 2904 2110 2953 Plato
2148 2906 2387 2969 cognovit
2430 2923 2539 2955 eam
2581 2924 2687 2957 non

156 2990 442 3038 differentia
478 3005 649 3036 earum
686 3005 851 3036 rerum
891 2989 1133 3050 exhiberi,
1180 2990 1243 3038 ad
1280 3008 1403 3055 quas
1450 2990 1639 3056 probae
1683 2990 1907 3038 actiones
1944 2991 2249 3055 «pertineant,
2304 2990 2394 3039 sed
2444 2992 2494 3039 in
2548 2992 2687 3041 diffe-

157 3077 320 3124 rentia
356 3076 538 3125 virium
575 3074 625 3122 in
665 3073 831 3122 animo
870 3073 1198 3140 operantium,
1236 3094 1356 3141 ergo
1394 3077 1444 3124 in
1484 3069 1707 3141 partibus
1743 3075 1895 3124 animi
1933 3073 2269 3142 quaerendam
2306 3093 2432 3125 esse.

385 3179 560 3227 Virtus
597 3179 750 3234 animi
789 3210 849 3216 —
886 3179 936 3226 id
969 3180 1102 3244 quod
1139 3181 1287 3229 nobis
1323 3179 1654 3244 repetendum
1690 3180 1889 3230 videtur
1923 3207 1991 3217 -
2035 3187 2115 3228 est·
2156 3187 2294 3229 recta
2338 3181 2553 3245 qualitas
2598 3200 2688 3231 seu

158 3265 423 3315 harmonia
459 3264 626 3324 animi,
675 3264 744 3313 ita
780 3274 833 3313 ut
868 3284 1091 3331 quaeque
1128 3266 1281 3315 animi
1319 3283 1434 3330 pars
1471 3284 1614 3315 suum
1652 3284 1834 3315 munus
1869 3266 2000 3317 bene
2037 3274 2353 3330 exsequatur.
2423 3264 2688 3328 Rationale

383 3408 426 3460 ⁹)
466 3409 519 3447 cf.
551 3403 662 3447 plat.
692 3408 745 3447 de
775 3422 862 3463 rep.
893 3407 969 3450 IV.
1001 3424 1042 3464 p.
1073 3411 1170 3449 444.
1200 3409 1242 3449 d.
1283 3412 1427 3463 Ἀρετῆ
1454 3416 1535 3461 μὲν
1563 3414 1653 3463 ἄρα,
1694 3413 1747 3453 ὥς
1785 3416 1929 3458 ἔοικεν,
1971 3413 2100 3461 ὖγίειᾶ
2136 3420 2177 3450 re
2204 3428 2261 3454 τις
2290 3414 2339 3448 ἂν
2370 3420 2427 3459 εἴη
2458 3410 2523 3450 καὶ
2552 3415 2690 3455 κᾶλλος

160 3483 225 3518 καὶ
257 3480 388 3522 εὕεεΙα
418 3484 566 3530 welhe,
598 3485 713 3517 κακία
742 3481 788 3517 δὲ
818 3478 934 3522 νόσος
961 3495 1011 3519 τε·
1035 3483 1098 3519 καὶ
1126 3483 1270 3531 αἶσχος
1298 3482 1362 3519 καὶ
1391 3479 1593 3519 deosum.
