2825 3722
1370 69 1431 117 12

245 222 257 232 ’
342 221 502 271 Jeder
538 220 704 270 dieser
740 219 915 269 Theile
950 221 1015 268 ist
1046 219 1302 280 Totalitat,
1348 219 1395 266 d.
1431 220 1480 267 h.
1527 220 1610 268 die
1656 236 1813 285 ganze
1849 217 2166 276 Sittenlehre,
2210 217 2332 266 aber
2372 218 2551 265 immel-
2595 217 2647 264 jn

119 312 260 357 einer
292 307 620 356 bestimmten
656 305 991 370 Beziehung.“

348 426 539 477 Harum
573 426 727 492 igitur
759 426 909 475 trium
947 417 1163 491 partium
1199 440 1300 473 una
1335 437 1562 490 quaeque
1589 425 1865 474 secundum
1891 407 2403 503 Schleiermache‘qim
2427 421 2650 470 totalitas

120 520 200 562 est
234 513 265 560 i.
303 528 343 560 e.
380 518 490 559 tota
525 509 702 569 ethice,
756 508 845 557 sed
892 516 1030 556 certa
1048 505 1278 572 'quadam
1326 508 1537 568 ratione,
1592 515 1740 574 atque
1777 509 1938 557 ethice
1975 509 2093 555 item
2128 507 2256 555 fines
2291 506 2548 554 doctrinae
2584 505 2649 552 de

122 597 305 646 officiis
342 603 392 644 et
427 595 490 643 de
525 594 673 642 bonis
705 593 1010 658 perlustrare
1045 591 1213 652 debet,
1245 600 1296 640 et
1332 593 1442 640 vice
1479 609 1640 642 versa.

348 709 486 757 Haec
522 709 625 755 fere
665 715 782 754 sunt
829 706 1070 770 principia
1114 698 1305 753 ethices
1352 704 1944 768 Schleiermacherianae,
1997 724 2143 771 quam
2190 723 2322 760 nunc
2370 705 2649 754 accuratius

120 797 273 845 etiam
319 808 625 858 cognoscere
661 791 895 839 volumus
933 807 963 837 a
996 797 1139 853 parte
1186 789 1444 875 doctrinae
1482 790 1545 839 de
1581 791 1766 840 virtute
1814 792 1896 854 (cf.
1933 789 2378 840 Schleiermacheri
2423 787 2647 840 libellum

120 881 185 929 de
220 879 428 928 notione
464 876 699 936 virtutis).

347 990 445 1039 Ubi
483 990 545 1037 de
583 997 856 1053 systemate
895 988 1058 1051 aliquo
1098 987 1453 1036 constituendo
1490 989 1669 1052 agitur,
1715 989 2108 1054 contrapositum
2155 987 2358 1037 unitatis
2394 996 2444 1037 et
2487 988 2650 1038 multi·

123 1075 360 1141 plicitatis
395 1072 693 1138 pervulgata
729 1079 805 1120 est
840 1071 1018 1131 forma,
1056 1070 1161 1120 sive
1197 1070 1539 1135 multiplicitas
1574 1072 1668 1122 sub
1702 1072 1944 1122 unitatem
1986 1070 2201 1134 redacta,
2255 1071 2362 1120 sive
2398 1071 2563 1143 unitas
2596 1071 2648 1120 in

124 1158 545 1224 multiplicitatem
578 1155 740 1205 divisa
776 1155 1020 1205 videatur.
1091 1154 1144 1204 Si
1190 1171 1295 1204 rem
1334 1155 1614 1222 cogitamus
1649 1160 1705 1206 ut
1741 1173 1910 1218 unum,
1949 1157 2055 1221 ejus
2088 1155 2432 1205 definitionem
2468 1155 2647 1205 damus

118 1244 209 1292 sed
245 1242 464 1291 dubitari
498 1248 683 1305 potest,
721 1238 1144 1304 quemadmodum
1170 1256 1296 1303 quae
1321 1239 1614 1288 definitione
1641 1242 1741 1288 sint
1765 1241 2140 1304 comprehensa,
2174 1241 2306 1288 inter
2341 1255 2394 1287 se
2431 1240 2647 1299 diversa,

117 1313 261 1392 ergo
294 1327 493 1374 multa
546 1342 656 1372 esse
709 1325 918 1387 possint.
989 1322 1076 1371 Sin
1131 1332 1297 1372 autem
1337 1325 1509 1372 'solam
1555 1326 1849 1388 respicimus
1884 1326 2297 1388 multiplicitatem
2333 1324 2531 1388 singula
2563 1323 2646 1373 de-

115 1412 263 1460 finire
300 1412 430 1467 licet,
468 1407 892 1472 quemadmodum
930 1426 1051 1457 vero
1090 1426 1150 1456 ea
1183 1410 1315 1457 inter
1350 1427 1403 1457 se
1435 1427 1570 1458 nexa
1604 1410 1717 1469 sint,
1754 1408 1818 1459 de
1854 1427 1914 1459 eo
1953 1408 2170 1459 dubitari
2200 1415 2379 1473 potest.

343 1533 626 1595 Descriptio
685 1532 963 1579 theoretica
1021 1532 1113 1579 sub
1176 1531 1268 1578 hac
1326 1532 1491 1578 forma
1543 1533 1749 1579 omnino
1812 1533 1863 1579 in
1925 1532 2158 1579 facultate
2211 1533 2304 1579 sita
2357 1541 2433 1579 est
2490 1531 2647 1580 multa

116 1617 412 1665 naturaliter
448 1631 693 1676 connexa,
731 1631 885 1663 unum
920 1615 1214 1663 naturaliter
1249 1614 1465 1663 divisum
1520 1614 1739 1664 videndi.
1820 1614 1953 1664 Vere
2005 1615 2155 1680 igitur
2188 1615 2464 1673 theoretica
2504 1617 2645 1665 notio

116 1701 317 1749 virtutis
368 1701 508 1747 nulla
557 1701 653 1747 alia
708 1716 819 1747 esse
855 1706 1025 1762 potest
1072 1715 1220 1762 quam
1261 1699 1360 1758 illa,
1415 1715 1478 1746 ex
1527 1716 1624 1763 qua
1655 1700 1771 1763 jam
1816 1715 2022 1747 caussae
2068 1700 2347 1763 partitionis
2388 1708 2646 1764 apparent,

116 1784 392 1833 secundum
430 1801 554 1847 quas
590 1784 815 1846 singulae
851 1783 1063 1830 virtutes
1101 1782 1318 1853 deriv‘ari
1360 1792 1573 1846 queunt;
1628 1784 1866 1847 cujusque
1919 1778 2150 1852 quideffig-
2171 1784 2366 1832 virtutis
2418 1782 2644 1833 definitio

119 1870 271 1917 etiam
308 1869 529 1934 vicissim
567 1884 883 1920 communem
923 1867 1121 1916 virtutis
1156 1867 1414 1916 notionem
1451 1866 1717 1931 indigitare
1754 1866 1918 1916 debet.

343 1981 471 2031 Sunt
528 1983 686 2030 multa
741 1982 793 2029 in
853 1982 1024 2046 lingua
1084 1981 1329 2029 voc-abula
1388 1980 1636 2029 bonarum
1696 1982 2056 2046 proprietatum
2115 1980 2459 2042 humanarum,
2518 1998 2645 2046 quae

81 2089 90 2097 ·
119 2084 298 2115 omnes
334 2067 384 2114 in
422 2065 639 2114 indicem
676 2066 874 2115 virtutis
910 2065 1202 2114 referendae
1239 2065 1559 2130 putabantur.
1640 2064 1752 2114 Hoc
1804 2083 1907 2115 non
1962 2074 2038 2114 est
2088 2074 2278 2114 rectum
2328 2074 2379 2115 et
2430 2053 2644 2116 tantum·

118 2150 272 2199 modo
331 2150 476 2199 affert
510 2150 892 2200 -confusionem
979 2148 1168 2200 Omnes
1224 2150 1356 2198 enim
1412 2149 1665 2210 notioneS,
1718 2166 1843 2215 quae
1896 2166 1999 2199 non
2053 2149 2119 2199 ob
2172 2149 2223 2198 id
2275 2151 2437 2199 solum
2482 2152 2644 2215 factae

114 2244 249 2296 sunt,
295 2245 349 2283 ut
383 2251 506 2300 pure
544 2242 594 2283 et
628 2234 775 2299 plene
822 2243 1205 2301 cognoscantur,
1254 2234 1304 2283 in
1348 2234 1718 2300 expositionem
1754 2234 2081 2283 theoreticam
2117 2251 2220 2283 non
2255 2235 2408 2300 recipi
2443 2228 2664 2284 debent-'¹

114 2319 258 2368 Bona
295 2330 345 2369 et
380 2320 527 2379 mala,
574 2321 786 2367 virtutes
822 2327 872 2367 et
906 2320 1041 2379 vitia,
1088 2330 1207 2369 acta
1235 2319 1403 2368 officio
1440 2319 1881 2369 convenientia'et
1914 2319 2257 2385 repugnantia,
2304 2321 2472 2369 omnia
2519 2320 2645 2369 haec

113 2406 461 2470 contraposita
496 2414 547 2453 et
581 2412 777 2469 ponunt
822 2412 872 2452 et
919 2404 1102 2452 tollunt
1145 2403 1371 2453 funditus
1417 2405 1622 2454 morale.
1708 2402 1908 2454 Bonum
1960 2411 2144 2466 tamen,
2198 2403 2432 2465 officium,
2483 2404 2645 2454 virt-us

111 2507 217 2538 non
263 2499 381 2539 sunt
427 2489 577 2538 idem.
666 2488 872 2555 Quaque
928 2489 1102 2537 harum
1158 2489 1421 2537 notionum
1473 2484 1665 2538 morale
1718 2490 1866 2555 plane
1918 2489 2236 2553 exprimitur,
2302 2489 2389 2538 sed
2444 2489 2643 2539 diversa

109 2575 322 2635 ratione,
375 2575 523 2622 nobis
573 2574 736 2622 solum
791 2573 1130 2638 quaerendum
1185 2581 1275 2633 est,
1335 2565 1450 2638 qua*
1475 2574 1671 2622 ratione
1718 2574 1860 2622 notio
1903 2574 2101 2622 virtutis
2147 2575 2335 2621 morale
2383 2575 2644 2638 exprimat.

108 2658 360 2723 Exprimit
413 2667 581 2707 autem
635 2659 738 2706 vim
793 2675 920 2722 quae
974 2660 1027 2706 in
1080 2675 1181 2706 una
1233 2675 1426 2723 quaque
1479 2659 1608 2707 vita‘.
1636 2657 1835 2728 insidet.
1903 2656 2145 2707 Putamus
2184 2659 2418 2708 virtutem
2456 2647 2661 2723 aliquid‘

109 2743 162 2790 in
200 2743 418 2802 homine,
455 2743 589 2791 unde
619 2743 846 2791 actiones
880 2758 987 2790 non
1019 2742 1183 2790 solum
1209 2752 1600 2806 consequuntur,
1638 2742 1730 2792 sed
1749 2743 1990 2807 consequi
2014 2743 2164 2791 etiam
2189 2742 2388 2802 debent,
2424 2761 2642 2808 namque
2714 2753 2732 2766 ⁸

109 2827 245 2879 iners
282 2827 441 2876 virtus
474 2836 643 2876 mente
689 2827 887 2892 concipi
928 2827 1114 2892 nequit.
1185 2825 1359 2876 Virtus
1403 2827 1569 2893 itaque
1615 2843 1863 2902 nusquam
1909 2843 2011 2875 non
2042 2835 2136 2877 est
2181 2827 2370 2877 eadem.
2449 2828 2640 2880 Caussa

111 2929 231 2961 vero
268 2910 553 2977 partitionis
594 2911 750 2961 hocce
798 2911 951 2961 modo
997 2911 1243 2978 gignitur:
1302 2928 1479 2961 omnes
1531 2912 1614 2978 qui
1667 2911 1731 2960 de
1783 2910 2051 2959 virtutibus
2101 2911 2396 2977 loquuntur,
2451 2913 2639 2980 duplex

109 2996 296 3062 aliquid
340 3005 671 3062 praesumunt
710 2997 761 3047 in
807 2996 1026 3059 homine,
1079 2996 1309 3063 superius
1352 2996 1538 3062 aliquid
1585 3005 1636 3049 et
1676 2995 1900 3058 inferius,
1952 2995 2193 3048 rationale
2241 3006 2311 3048 et
2335 2997 2638 3062 irrationale,

107 3082 366 3151 spirituale
403 3089 455 3130 et
490 3082 736 3131 sensuale.
807 3081 981 3131 Virtus
1028 3084 1132 3148 jam
1190 3080 1268 3131 est
1318 3083 1447 3131 ratio
1492 3084 1624 3131 inter
1670 3082 1898 3147 superius
1943 3090 1993 3128 et
2033 3082 2254 3143 inferius,
2305 3084 2550 3132 rationale
2586 3093 2641 3133 et

106 3166 412 3226 irrationale,
450 3166 707 3231 spirituale
754 3176 804 3214 et
847 3168 1104 3216 sensuale
1124 3166 1458 3239 intercedens,
1512 3184 1616 3231 qua
1662 3166 1890 3231 superius
1929 3166 2070 3230 regit
2119 3175 2171 3216 et
2221 3168 2429 3217 inferius
2478 3178 2638 3245 paret

105 3249 335 3301 Societas
370 3250 633 3300 amborum
680 3251 1022 3301 membrorum
1068 3252 1374 3317 composita
1393 3260 1469 3302 est
1523 3268 1625 3301 una
1672 3266 1758 3299 ex
1783 3257 1923 3316 parte
1971 3252 2311 3317 congruentia,
2362 3268 2428 3309 ex
2478 3241 2665 3324 altera>

106 3352 230 3385 vero
278 3334 584 3395 diversitate,
636 3351 763 3399 quae
809 3335 1062 3400 posterior
1106 3336 1240 3387 circa
1286 3335 1491 3386 alterius
1526 3334 1922 3385 dominationem
1959 3345 2106 3399 atque
2141 3337 2345 3387 alterius
2380 3317 2645 3403 obtempef„

105 3420 355 3468 rationem
389 3418 515 3466 nihil
553 3425 631 3466 est
665 3418 760 3467 nisi
800 3420 1144 3485 repugnantia.

2764 223 2770 318 ἶ
